2125 2744
254 1995 317 2035 rig.
334 1996 372 2023 ll.

372 171 415 209 ·X

501 268 722 312 Methodus
750 266 959 311 solutionis
986 268 1120 310 aistem
1149 269 1293 324 duplex
1323 267 1395 320 est,
1434 265 1724 325 prout'stellae'
1745 266 1888 325 positio

386 339 612 393 aequatoris
643 336 708 375 vel
736 337 946 391 eclipticae
976 336 1161 391 respectu
1190 336 1318 376 datur.

499 472 547 509 In
567 470 656 509 casu
676 471 819 523 priori,
847 471 887 508 in
907 481 986 520 quo
1005 451 1173 509 {ascensio
1191 478 1300 509 recta
1317 472 1399 509 FM
1418 477 1459 508 et
1476 469 1689 508 declinatio
1708 469 1781 508 SM
1800 467 1892 506 dan-

388 544 479 582 tur,
520 536 566 575 ad
597 542 796 590 punctum
825 535 1035 588 eclipticae
1061 538 1092 575 L
1118 549 1193 574 vna
1216 549 1310 575 cum
1340 533 1447 574 stella
1471 536 1653 574 exoriens
1681 534 1890 573 inuenien-

362 603 483 642 'dum
518 603 558 640 in
595 602 799 653 triangulo
834 601 1040 655 sphaerico
1071 604 1183 641 SOM
1218 602 1266 641 ad
1296 603 1342 640 M
1375 601 1610 651 rectangulo
1641 615 1687 639 ex
1712 608 1808 639 noto
1834 599 1888 637 la·

386 676 473 706 tere
499 669 573 706 SM
605 675 646 719 et
672 667 818 718 angulo
840 669 972 714 SOM,
1002 666 1210 706 altitudini
1235 668 1459 720 aequatoris
1486 666 1660 720 aequali,
1697 678 1891 718 quaet-en*

388 735 484 772 dum
504 731 558 771 est
576 735 679 772 latus
702 735 807 781 OM,
837 731 1068 773 differentia
1086 731 1355 772 ascensionalis
1383 731 1513 771 stellae
1532 746 1608 787 pro
1628 733 1716 771 data
1739 729 1891 771 habita-

387 801 510 837 tione.
549 802 637 837 Hac
655 798 702 837 ab
721 797 942 838 ascensione
962 807 1070 838 recta
1087 802 1167 838 FM
1185 800 1226 837 in
1246 798 1333 837 casu
1353 797 1524 849 figurae,
1555 811 1655 849 quae
1679 795 1827 835 stellam
1845 797 1886 834 in
1938 832 1943 838 ,

385 862 681 920 hemisphaerio
702 863 841 916 polum
861 863 1066 902 eleuatum
1093 864 1392 917 complectente
1417 864 1607 908 collocat,
1646 861 1793 907 ablata,
1828 861 1887 899 in-

385 927 557 967 notescit
578 928 746 968 ascensio
765 928 926 981 obliqua
948 926 1077 966 stellae
1096 927 1322 981 propositae
1345 931 1429 969 FO.
1486 931 1533 967 In
1557 919 1759 979 triangulo
1784 929 1888 966 FOL

386 995 512 1043 igitur
541 994 687 1032 dantur
708 994 846 1044 anguli
875 992 979 1032 FOL
1015 1002 1056 1031 et
1088 996 1216 1039 OFL,
1263 999 1437 1046 quorum
1465 992 1535 1032 ille
1562 992 1888 1049 supplementum

385 1059 610 1096 altitudinis
637 1060 863 1111 aequaturis
884 1062 1023 1104 HOQ,
1056 1060 1121 1113 hic
1141 1058 1357 1113 obliquitas
1376 1059 1585 1111 eclipticae
1604 1058 1669 1106 est,
1701 1073 1774 1098 vna
1793 1071 1886 1096 cum

385 1124 511 1162 latere
531 1124 819 1178 comprehenso
837 1127 919 1165 FO.
981 1124 1077 1164 Inde
1103 1125 1372 1164 inueniuntur
1399 1124 1501 1163 latus
1527 1126 1613 1171 FL,
1653 1125 1695 1164 in
1724 1123 1811 1164 casu
1843 1122 1888 1162 fi·

386 1204 529 1241 gurae,
578 1190 838 1229 ascensionem
867 1190 1066 1243 obliquam
1096 1194 1165 1230 FO
1192 1192 1409 1243 quadrante
1436 1192 1632 1229 minorem
1660 1190 1887 1236 referentis,

387 1253 567 1294 distantia
596 1258 735 1308 puncti
765 1258 934 1295 orientis
966 1260 996 1294 L
1022 1271 1042 1295 a
1072 1258 1223 1310 puncto
1254 1257 1499 1309 aequinoctii
1527 1257 1640 1294 verni
1672 1259 1723 1304 F,
1754 1264 1795 1294 et
1821 1270 1887 1294 an·

386 1321 504 1371 gulus
530 1323 698 1360 orientis
723 1325 839 1361 FLO.
903 1324 1073 1372 Cognito
1100 1331 1234 1360 autem
1252 1330 1406 1375 puncto
1436 1323 1592 1360 oriente
1614 1320 1783 1359 habetur
1804 1319 1886 1359 abs·

387 1399 464 1438 que
484 1389 647 1436 negotio
669 1386 778 1425 locus
802 1386 892 1425 solis
921 1388 1030 1426 ortui
1058 1401 1151 1426 vero
1175 1396 1255 1425 tam
1283 1387 1484 1424 matutino
1511 1399 1627 1437 quam
1658 1386 1886 1438 vespertino

387 1450 642 1504 respondem·
671 1454 718 1491 In
737 1452 948 1504 triangulis
968 1452 1112 1492 deinde
1126 1454 1246 1498 LXT,
1265 1453 1379 1492 GVY
1395 1451 1440 1490 ad
1460 1453 1505 1497 X,
1524 1453 1558 1491 Y
1578 1452 1821 1503 'rectangulis
1840 1466 1885 1491 ex

385 1517 530 1567 angulo
549 1519 717 1557 orientis
737 1519 1033 1557 XLT=VGY
1050 1527 1092 1556 et
1111 1532 1205 1556 arcu
1224 1516 1383 1555 visionis
1395 1519 1469 1555 XT
1489 1517 1551 1554 vel
1569 1520 1642 1555 YV
1662 1518 1885 1556 eruendum

386 1580 438 1619 est
467 1583 725 1623 interuallum
754 1584 1013 1637 apparitionis
1044 1584 1117 1623 LT
1134 1583 1195 1621 vel
1218 1584 1317 1628 GV,
1345 1582 1450 1635 quod
1473 1582 1714 1634 longitudini
1741 1585 1886 1636 puncti

384 1649 554 1686 orientis
574 1651 606 1687 L
629 1650 808 1688 additum
838 1650 970 1686 locum
1001 1650 1091 1687 solis
1116 1652 1155 1686 T
1185 1650 1294 1687 ortui
1320 1648 1522 1687 matutino
1554 1651 1762 1701 apparenti
1790 1646 1883 1689 con-

385 1723 621 1764 gruentem,
651 1728 671 1753 a
699 1714 953 1766 longitudine
981 1729 1075 1753 vero
1102 1715 1243 1767 puncti
1268 1727 1312 1752 ex
1339 1712 1503 1752 aduerso
1533 1711 1664 1753 stellae
1699 1715 1882 1755 occidenss

386 1781 438 1816 tis
464 1782 500 1817 G
523 1780 702 1819 demtum
721 1781 855 1819 locum
871 1779 960 1819 solis
979 1782 1011 1820 V
1034 1781 1144 1819 ortui
1164 1778 1392 1834 vespertino
1413 1776 1554 1818 visibili
1571 1783 1882 1821 conuenientem

383 1843 563 1897 praebet.

503 1978 663 2017 Prorsus
695 1978 834 2018 eodem
873 1978 989 2017 modo
1024 1979 1291 2017 inueniuntur
1321 1977 1406 2016 loca
1441 1977 1529 2017 solis
1557 1991 1649 2017 cum
1685 1978 1882 2020 occasibus

384 2041 515 2082 stellae
535 2058 661 2096 quum
682 2046 785 2084 veris
806 2054 893 2084 tum
914 2043 1198 2098 apparentibus
1219 2045 1434 2082 coniuncta
1455 2058 1499 2082 ex
1528 2043 1775 2085 descensione
1795 2049 1880 2086 eius
1903 2063 1907 2066 ’

385 2108 546 2161 obliqua
570 2113 671 2156 FW,
702 2125 803 2164 quae
825 2112 864 2149 in
885 2110 971 2148 casu
989 2109 1119 2149 stellae
1148 2108 1281 2147 versus
1300 2110 1438 2161 polum
1460 2110 1662 2152 eleuatum
1681 2111 1881 2151 declinan-

384 2175 457 2221 tis,
491 2189 611 2227 quern
642 2175 768 2227 figura
796 2175 976 2222 exhibet,
1003 2175 1156 2215 summa
1174 2173 1405 2215 ascensionis
1430 2184 1563 2230 rectae
1589 2178 1670 2215 FM
1698 2186 1740 2217 et
1767 2177 1880 2219 diffe-

382 2242 535 2280 rentiae
559 2240 827 2299 ascensionalis
856 2245 954 2281 MW
979 2240 1045 2281 est.
1255 2233 1258 2236 Δ

1761 2311 1881 2350 Hisce
