2125 2744
1709 17 1735 43 ὓ

1722 169 1777 206 XI

387 265 511 307 Hisce
539 263 727 320 praefatis
755 259 1113 304 haud-difficulter
1139 261 1315 305 constare
1344 263 1492 319 potest,
1539 264 1566 306 fi
1598 267 1771 309 eleuatio

270 332 356 388 poli
382 333 539 373 dicatur
561 330 615 383 φ,
644 329 862 384 obliquitas
888 329 1100 382 eclipticae
1127 346 1167 378 ε,
1194 329 1364 371 ascensio
1395 341 1502 372 recta
1525 330 1656 373 stellae
1676 348 1771 388 pro·

266 397 414 453 postas
443 411 492 444 οι,
530 396 746 437 declinatio
773 395 952 436 eiusdem
982 390 1020 443 δ,
1059 395 1289 437 differentia
1315 396 1582 439 ascensionalis
1601 405 1654 447 A,
1685 400 1770 440 lon·

234 502 238 504 i
265 463 405 516 gitudo
430 464 574 517 puncti
602 463 812 515 eclipticne
839 475 915 501 vna
948 475 1043 501 cum
1068 460 1176 502 stella
1200 465 1443 515 emergentis
1471 467 1502 503 L
1527 474 1570 505 et
1597 466 1781 518 angulus„

266 530 437 570 orientis
461 525 517 575 ιθ,
548 526 709 568 haberi

448 612 505 654 fin
529 616 561 652 Δ
587 630 643 648 ==
659 619 753 665 tang
773 612 809 665 φ
825 608 956 665 tang}

850 696 962 747 σοεφ
973 695 1026 736 fin
1037 696 1208 748 (oa—A)

651 757 1394 832 ‹mn—237&

444 868 511 899 cos
529 853 564 894 θ
586 871 640 893 =
655 854 813 895 cosefin
829 856 916 906 φ-Ι-
936 830 991 896 firi
1011 871 1028 895 ε
1045 870 1110 895 cos
1128 857 1164 907 φ
1182 870 1247 896 cos
1265 859 1312 906 (οι
1330 878 1375 888 --
1392 860 1440 905 Δ)

375 938 436 977 Ad
460 951 595 978 arcum
617 941 648 977 L
669 951 745 991 ope
765 937 956 977 secundae
983 937 1176 976 formulae
1201 951 1248 976 ex
1271 937 1337 976 sua
1363 945 1552 988 tangente
1578 942 1755 993 perfecte

258 1004 606 1045 determinandum
625 1002 811 1044 formulis
831 1002 948 1043 modo
965 1003 1132 1057 prolatis
1151 1002 1402 1055 adiungenda
1419 1002 1473 1043 est
1490 1008 1676 1060 aequatio

508 1084 1239 1139 fin3finL=cosQfin(oz—A)

256 1174 297 1212 in
316 1187 393 1226 qua
409 1181 543 1213 autem
563 1171 818 1212 affectionem
839 1172 1058 1212 functionis
1075 1169 1130 1211 fin
1145 1168 1180 1212 θ
1194 1172 1376 1225 respectu
1396 1171 1496 1224 signi
1514 1172 1620 1214 nosse
1636 1189 1753 1230 opor-

254 1248 328 1280 tet.
386 1242 476 1279 Nec
494 1239 601 1278 enim
626 1246 825 1292 perpetuo
843 1237 1011 1290 angulus
1030 1234 1063 1277 θ
1084 1244 1161 1287 180
1190 1237 1376 1288 gradibus
1404 1240 1536 1278 minor
1565 1238 1639 1286 est,
1681 1256 1752 1281 ne-

253 1318 332 1357 que
350 1304 503 1363 semper
519 1302 715 1361 pofitiuus
738 1312 872 1342 manet
888 1303 952 1342 seu
966 1301 1133 1356 perinde
1151 1306 1267 1349 iacet,
1285 1313 1329 1342 vt
1348 1305 1388 1342 in
1410 1303 1549 1356 figura,
1580 1307 1647 1344 cui
1667 1306 1748 1346 for-

252 1370 383 1409 mulae
403 1369 685 1422 praecedentes
704 1366 805 1407 sunt
813 1367 1122 1421 superstructac‚
1157 1367 1221 1406 sed
1243 1382 1317 1421 pro
1345 1368 1659 1410 habitationibus
1684 1386 1749 1411 zo.

250 1448 392 1475 narum
413 1434 651 1486 frigidarum
671 1433 875 1473 interdum
897 1433 1106 1485 negatiuus
1127 1431 1194 1478 fit,
1227 1433 1432 1473 interdum
1465 1439 1562 1480 ¹80⁰
1579 1437 1746 1484 excedit,

248 1499 500 1540 semicirculo
517 1500 747 1553 eclipficae,
773 1501 844 1551 qui
867 1500 909 1537 in
935 1512 1035 1537 zona
1059 1499 1205 1550 frigida
1229 1499 1380 1538 boreali
1409 1500 1457 1539 ad
1473 1499 1670 1548 austrum,
1702 1505 1746 1542 in

249 1565 407 1608 australi
425 1565 471 1606 ad
489 1564 650 1606 boream
671 1565 825 1619 vergit,
847 1563 952 1604 infra
967 1564 1223 1605 horizontem
1241 1564 1418 1605 cadente.
1469 1568 1535 1618 *Vt
1551 1567 1680 1618 igitur
1701 1569 1745 1608 in

247 1633 431 1687 quolibet
448 1631 535 1671 casu
560 1631 697 1683 anguli
719 1627 752 1670 θ
782 1629 950 1684 species,
982 1639 1123 1683 vtpote
1154 1645 1234 1669 non
1263 1630 1353 1669 satis
1382 1631 1594 1671 functione
1621 1646 1687 1672 cos
1712 1630 1747 1674 θ

247 1698 533 1744 determinata,
580 1694 862 1759 pet-noscam}
911 1697 952 1754 in
986 1694 1198 1735 subsidium
1233 1696 1406 1753 vocanda
1440 1694 1494 1735 est
1529 1697 1742 1739 declinatio

244 1766 388 1820 puncti
414 1764 622 1817 eclipticae
644 1761 922 1807 culminnntis'‚
952 1774 1053 1813 quae
1073 1759 1099 1798 fi
1117 1760 1273 1799 dicatur
1298 1776 1352 1808 w,
1381 1760 1572 1802 habemus

448 743 543 788 tang
552 737 642 775 L=

498 1856 593 1899 tang
611 1860 644 1885 w
661 1861 714 1883 =
733 1853 829 1897 tang
842 1859 860 1884 ε
880 1842 935 1884 fin
956 1844 1103 1895 (σι-Δ
1115 1847 1268 1894 -90⁰)
1742 1887 1769 1899 ⁴

660 1933 715 1955 =
729 1940 792 1950 —
811 1926 907 1970 tang
923 1915 942 1957 e
959 1932 1025 1957 cos
1045 1917 1214 1965 (σι-Δ)

241 1980 335 2020 hinc

725 2045 818 2072 cose

845 2017 1120 2120 rme-w}

517 2082 581 2109 cos
599 2066 632 2109 θ
649 2085 703 2106 =

720 2120 786 2145 cos
797 2121 830 2145 w

1021 2313 1050 2349 B
1081 2323 1105 2349 2
1618 2320 1735 2365 atque.
