2125 2744
961 618 992 666 ς.
1037 619 1070 657 1.

268 705 487 792 Tempus
518 744 626 777 recte
649 735 879 785 obseruare,
924 738 1106 777 omnium
1131 736 1293 791 quidem
1330 736 1505 791 multum
1540 736 1603 777 sed
1631 725 1760 791 'pluri-

267 818 379 844 mum
407 803 671 855 agricolarum
688 796 880 851 interest,
922 797 1075 857 quippe
1103 804 1172 856 qui
1202 803 1336 842 omnia
1363 803 1430 841 sua
1455 795 1580 856 opera
1607 810 1762 856 tempo·

266 869 377 909 ribus
404 867 455 906 fic
489 868 785 906 accommodare
823 867 1010 912 debeant,
1054 870 1113 906 vti
1147 868 1252 906 nihil
1290 867 1374 905 sero
1407 867 1564 906 faciant.
1639 868 1761 908 Prisci

267 936 393 986 igitur
411 931 606 984 agricolae
634 944 759 985 quum
783 930 999 971 calendarii
1029 930 1077 970 ad
1099 922 1255 970 motum
1289 929 1380 969 solis
1398 940 1580 970 accurate
1600 945 1761 987 compo·

265 998 330 1037 {iti
355 1007 396 1036 et
419 998 631 1049 quotannis
657 995 852 1048 publicati
881 996 1165 1034 commoditate
1201 994 1535 1043 destituerentur,
1583 997 1634 1035 ad*
1661 1005 1761 1037 tem-

264 1061 431 1119 pestates
455 1063 549 1105 anni
573 1059 826 1114 defiguaudas
850 1059 1007 1101 ortibus
1029 1069 1076 1100 et
1094 1050 1290 1101 occasibus
1312 1059 1478 1112 fixarum
1495 1059 1759 1104 illustriorum

264 1130 311 1170 ad
335 1129 456 1169 solem
482 1128 617 1168 relatis
652 1125 738 1176 fiue-
769 1124 1086 1180 apparitionibus
1125 1133 1167 1165 et
1205 1122 1543 1167 occultationibus
1570 1141 1707 1168 earum
1736 1142 1759 1169 e

262 1195 353 1235 solis
379 1207 511 1234 annuo
535 1192 652 1251 cursu
678 1190 945 1248 pendentibus
967 1189 1020 1232 vsi
1045 1191 1146 1232 sunt.
1210 1194 1371 1246 ‘Neque
1407 1192 1452 1233 in
1487 1206 1535 1234 eo
1550 1195 1759 1237 :rationem

264 1264 392 1302 iniere
418 1260 510 1309 fini,
539 1274 659 1313 quem
683 1258 754 1299 fibi
771 1257 1021 1313 propofitum
1041 1258 1257 1306 habebant,
1283 1259 1379 1299 adeo
1397 1261 1590 1314 ineptam.
1650 1265 1758 1303 Nam

263 1328 313 1367 ob
342 1326 507 1366 fixarum
535 1336 692 1374 motum
714 1319 831 1378 super
859 1324 962 1378 polis
999 1321 1208 1388 e'cliptieae
1244 1325 1456 1366 admodum
1490 1325 1650 1367 tardum
1689 1342 1756 1383 ap·

261 1393 467 1447 parentiae
490 1391 582 1430 illae
612 1392 717 1431 intra
743 1391 860 1429 vuius
888 1390 1009 1430 seculi
1036 1392 1099 1430 vel
1132 1391 1230 1431 adeo
1255 1392 1429 1432 duorum
1462 1391 1634 1445 spatium
1658 1408 1756 1435 eun·

259 1460 348 1498 dem
369 1471 496 1512 prope
516 1465 697 1499 tenorem
725 1455 898 1504 seruant,
933 1459 1133 1510 certisque
1159 1457 1254 1497 enni
1272 1456 1411 1497 diebus
1429 1457 1520 1497 sunt
1537 1456 1756 1500 adstrictae.

256 1527 391 1570 Quam
426 1524 482 1561 ita
516 1520 739 1561 neceffitate
772 1521 901 1561 coacti
935 1523 1130 1573 agricolae
1163 1530 1395 1577 temporum
1434 1522 1757 1566 denotandorum

195 1634 197 1636 ,
260 1578 558 1642 ἰηςτείῖἶοταηι
582 1585 707 1634 ¹viam,
751 1601 838 1626 eam
865 1585 1002 1640 postea
1019 1587 1231 1641 scriptores
1267 1590 1327 1627 rei
1365 1586 1551 1635 rusticae,
1596 1591 1758 1640 medici,

259 1654 459 1701 historici,
488 1649 731 1708 potiili'mum
756 1667 803 1693 ve
923 1658 1036 1702 etue,
1065 1652 1209 1707 quibus
1230 1651 1402 1693 fiderum
1424 1660 1755 1699 commemoratio

259 1722 464 1762 materiam
484 1727 648 1759 ornatus
665 1665 954 1772 Ραὲηιαπίυ
914 1719 1210 1773 suppeditabat,
1238 1719 1438 1773 persecuti
1457 1716 1560 1761 sunt.
1618 1724 1753 1776 Virgi-

257 1789 336 1828 lius
354 1786 540 1840 inprimis
557 1794 741 1838 tempora
755 1787 797 1825 in
816 1786 1109 1837 Georgicorum
1127 1783 1239 1824 libris
1263 1784 1340 1824 hoc
1361 1794 1478 1839 pacto
1504 1788 1753 1830 circumscri-

258 1854 353 1893 bere
381 1858 513 1898 amat,
552 1859 598 1889 vt
632 1859 727 1889 nota
748 1851 916 1912 quadam
948 1849 1123 1906 apposita
1152 1858 1267 1892 ortus
1294 1851 1358 1890 vel
1384 1851 1540 1899 occasus
1567 1853 1752 1909 speciem,

258 1934 304 1958 ex
328 1931 405 1970 qua
430 1916 574 1958 deinde
602 1924 762 1969 tempus
788 1917 996 1963 eliciatur,
1027 1917 1291 1964 determinet,
1320 1916 1361 1956 id
1387 1918 1523 1980 wod
1513 1932 1554 1957 m
1574 1920 1661 1974 ipso
1678 1924 1755 1961 mi-

184 1982 188 1984 ’
257 1997 332 2024 nus
357 1980 506 2022 mirum
534 1979 608 2028 est,
639 1994 788 2035 quum,
811 1980 1014 2022 referente
1044 1984 1201 2022 Donato
1230 1982 1273 2022 in
1301 1982 1387 2022 eius
1414 1982 1530 2030 Vita,
1559 1986 1751 2044 Neapoli,

255 2050 322 2090 vbi
350 2058 448 2089 tunc
472 2048 666 2101 temporis
693 2049 871 2089 Graecae
891 2047 1089 2089 florebant
1107 2048 1286 2096 litterae,
1318 2049 1621 2094 mathematicae
1639 2055 1752 2095 omni

258 2114 385 2155 studio
409 2112 639 2169 indulserit,
667 2115 784 2168 cuius
815 2113 980 2169 quidem
1009 2113 1126 2155 studii
1149 2112 1266 2169 testes
1295 2122 1430 2156 extant
1453 2115 1585 2159 versus
1602 2117 1665 2159 illi
1680 2133 1751 2161 no·

256 2179 428 2221 biliffimi
451 2176 733 2220 ac'notiffimiz

1095 2314 1128 2350 A
1690 2316 1755 2356 Me
