2125 2744
397 194 500 233 VllI

514 297 619 334 Loca
640 293 732 336 solis
762 291 1018 348 praecedenti
1042 292 1161 343 modo
1193 300 1354 348 reperta
1381 292 1428 334 ad
1457 301 1571 333 ortus
1599 301 1646 344 ,et
1666 294 1823 337 occasus
1847 311 1910 336 ve·

395 376 460 403 ros
491 361 685 416 spectant.
750 358 900 406 Quodsi
933 374 976 398 ea
1004 362 1288 413 requirantur,
1330 373 1432 413 quae
1459 359 1616 399 ortibus
1642 361 1909 415 &occasibus

397 425 686 482 apparentibus
704 426 983 475 conueniunt,
1025 438 1100 479 per
1127 428 1159 475 §.
1181 439 1252 478 305,
1276 425 1520 480 proiiciendi
1548 425 1679 467 adhuc
1704 426 1796 470 sunt
1830 429 1910 468 cir-

395 494 478 532 culi
507 492 715 532 horizonti
741 491 943 546 paralleli,
991 492 1032 530 in
1058 490 1205 544 quibus
1233 505 1359 545 quum
1380 491 1435 537 sol
1458 491 1649 539 versatur,
1678 506 1758 532 non
1782 493 1911 547 impe-

396 559 481 604 dit,
532 571 613 611 quo
655 558 788 596 minus
822 555 931 595 stella
962 565 1101 596 ortum
1134 556 1198 596 vel
1233 557 1416 597 ‘occasum
1452 557 1599 597 faciens
1628 557 1909 612 conspiciatur.

396 628 549 667 Eorum
580 624 689 662 enim
717 631 757 661 et
783 622 993 676 eclipticae
1027 622 1333 663 interfectiones
1359 614 1519 663 itidem*
1537 621 1712 677 quaesita
1739 624 1822 664 loca
1848 625 1910 665 da·

394 690 510 731 bun&

1065 803 1095 850 §.
1135 802 1256 841 vm.

513 885 725 926 Solutione
762 882 1022 938 problematis
1059 885 1107 924 de
1139 882 1392 938 temporibus
1428 892 1595 925 ortuum
1633 893 1675 925 et
1700 886 1908 944 occasuum

396 954 654 1011 poeticorum
691 949 824 989 stellae
851 950 1019 989 alicuius
1057 949 1344 1004 planisphaerii
1378 949 1610 989 vniuersalis
1641 963 1718 1005 ope
1747 951 1907 992 inuesti-

399 1019 536 1071 gandis
561 1016 745 1071 expedita
771 1015 818 1054 ad
847 1014 1090 1059 solutionem
1115 1015 1295 1054 eiusdem
1329 1013 1593 1068 problematis
1621 1016 1908 1072 planisphaerii

396 1083 653 1143 particularis
681 1078 849 1121 subsidio
876 1078 1163 1133 perficiendam
1179 1089 1229 1121 vt
1250 1079 1493 1134 accedamu3‚
1526 1082 1632 1121 ratio
1655 1097 1676 1122 a
1697 1082 1810 1124 nobis
1828 1084 1908 1125 sus·

398 1159 515 1204 cepta
542 1146 726 1202 postulat.
786 1149 897 1185 Haec
924 1155 1059 1187 autem
1087 1146 1254 1194 solutio,
1285 1160 1386 1199 quae
1416 1155 1588 1202 praeter
1605 1135 1691 1203 poli
1710 1149 1907 1191 eleuatio-

399 1230 491 1256 nem
518 1210 779 1254 ascensonem
810 1221 959 1252 rectam
989 1220 1031 1252 et
1063 1211 1377 1253 declinationem
1413 1209 1544 1268 stellae
1575 1213 1803 1267 propositae
1842 1205 1904 1255 da·

398 1292 457 1321 tas
482 1278 558 1319 ess'e
588 1279 786 1331 requirit,
824 1279 880 1317 ita
914 1275 1155 1318 instituitur.

301 1402 398 1440 Figd.
513 1381 637 1420 Radio
665 1381 740 1418 ZH
767 1392 842 1432 pro
871 1376 1004 1417 lubitu
1041 1376 1208 1419 assumto
1235 1393 1257 1417 e
1287 1387 1429 1418 centro
1452 1381 1484 1418 Z
1511 1378 1749 1419 describitur
1777 1381 1906 1420 circu·

304 1448 332 1471 “
348 1441 384 1469 ¹¹·
400 1450 463 1490 lus
490 1449 659 1488 HORW
683 1445 940 1486 horizontem
971 1443 1149 1484 referens
1177 1453 1220 1484 et
1246 1445 1452 1484 ducuntur
1482 1445 1581 1485 duae
1607 1446 1694 1485 eius
1729 1445 1799 1485 sub
1839 1461 1906 1486 an-

401 1515 507 1567 gulis
539 1512 659 1551 rectis
686 1510 723 1549 se
748 1507 991 1570 decussantfs
1019 1510 1206 1550 diametri
1239 1512 1338 1557 HR,
1370 1513 1478 1558 OW‚
1520 1523 1691 1564 quarum
1721 1525 1800 1551 una
1828 1515 1906 1552 HR

401 1578 726 1621 intersectionem
764 1576 979 1629 planorum
1015 1576 1239 1615 horizontis
1274 1584 1316 1616 et
1352 1576 1565 1616 meridiani
1602 1577 1782 1617 necnon
1814 1592 1905 1631 pro-

402 1649 598 1686 iecturam
625 1641 837 1680 meridiani
867 1641 1009 1694 ipsam,
1055 1642 1182 1679 altera
1207 1644 1295 1680 OW
1324 1649 1457 1680 autem
1485 1640 1699 1680 sectionem
1727 1655 1904 1683 commu-

401 1724 494 1751 nem
522 1708 736 1762 planorum
758 1706 983 1745 horizontis
1002 1714 1045 1744 et
1065 1705 1267 1744 verticalis
1284 1707 1468 1759 primarii
1487 1704 1681 1760 simulque
1700 1709 1904 1761 proiectu·

402 1789 486 1817 ram
518 1772 719 1812 verticalis
745 1771 929 1825 primarii
958 1768 1081 1822 ipsam
1109 1769 1307 1810 exhibeat.
1368 1770 1590 1823 Defignatis
1619 1773 1761 1813 deinde
1781 1788 1854 1828 per
1874 1777 1904 1824 §.

403 1849 440 1892 8,
466 1849 506 1880 et
525 1853 564 1891 9.
594 1837 722 1878 libelli
740 1837 894 1890 saepius
912 1834 1062 1875 laudati
1085 1835 1130 1875 ad
1151 1834 1278 1875 datam
1298 1837 1383 1891 poli
1406 1837 1675 1878 eleuationem
1697 1841 1904 1893 proiectu·

404 1910 458 1947 ris
484 1905 711 1960 aequatoris
739 1905 866 1948 OQW
894 1910 937 1941 et
967 1902 1050 1956 poli
1077 1900 1194 1955 supra
1222 1904 1481 1961 horizontem
1510 1905 1659 1945 eleuati
1684 1907 1712 1945 P
1740 1906 1904 1948 ducitur

401 1988 475 2029 per
499 1975 529 2023 §.
561 1985 624 2021 30.
657 1969 834 2019 circulus
862 1971 975 2016 BSD,
1019 1969 1254 2023 proiectura
1277 1969 1421 2010 circuli
1448 1985 1469 2010 a
1496 1968 1603 2010 stella
1634 1971 1835 2026 propofita
1862 1976 1902 2013 in

402 2035 663 2079 conum-{ione
689 2036 831 2075 mundi
856 2034 1086 2088 descripti,
1113 2034 1152 2073 id
1181 2035 1289 2087 quod
1316 2034 1368 2075 ob
1398 2044 1533 2076 notam
1569 2034 1698 2076 stellae
1735 2038 1903 2080 declina-

403 2108 557 2146 tionem
591 2100 786 2158 praestare
815 2102 856 2140 in
883 2102 1058 2178 procliui
1083 2101 1175 2139 erit.

516 2200 571 2237 Vt
608 2197 684 2236 iam
713 2194 846 2242 locus,
878 2208 997 2249 quem
1023 2193 1078 2234 sol
1108 2195 1148 2233 in
1178 2193 1384 2248 ecliptica
1390 2165 1498 2236 stella
1525 2204 1692 2236 ortuum
1711 2196 1773 2237 vel
1795 2211 1902 2240 occa·

401 2265 515 2304 suum
544 2275 745 2317 quemque
769 2261 941 2301 faciente
970 2269 1103 2309 tenet,
1132 2261 1384 2308 inueniatur,
1415 2260 1655 2302 describitur
1679 2265 1809 2316 per§.
1834 2278 1899 2312 3¹·

1725 2330 1902 2370 circulus
