2125 2744
1655 166 1734 206 VH

235 268 459 317 exhibeats
484 276 572 308 tum
607 280 680 321 per
712 269 744 317 §.
775 281 841 317 31.
878 267 1099 316 circutum,
1146 270 1217 323 qui
1252 267 1500 323 proiecturas
1535 269 1728 323 ,potorum

219 337 442 391 eclipticum
457 333 588 374 trans
575 348 661 373 ens
689 335 889 373 circulum
918 335 1140 374 latitudiuis
1167 334 1297 374 stellae
1326 336 1485 375 referat.
1565 338 1728 374 Horum

231 404 383 457 quippe
413 399 661 441 circulorum
691 399 992 474 intersectione
984 410 1220 456 punctum,
1261 398 1391 440 stellae
1417 403 1544 440 vicem
1574 414 1731 453 gerens,

229 462 482 510 innotescit.

343 596 559 649 Reliquum
589 594 663 642 est,
692 604 736 635 vt
769 596 808 634 in
838 596 1131 653 planisphaerio
1162 598 1333 637 horizon
1363 594 1613 647 defignetur‚
1654 596 1726 649 qui
1786 609 1792 616 ·

229 663 416 717 quidem,
476 660 527 700 ob
557 661 744 714 sphaerae
776 659 950 700 caelestis
973 662 1273 702 conuerfionem
1315 671 1357 701 et
1396 664 1488 701 inde
1526 663 1722 701 continuo
1781 675 1787 680 ·

228 736 429 768 mutatum
468 724 586 765 {itum
632 725 833 765 stellarum
874 726 1100 767 ho'rizontis
1145 728 1350 781 respectu,
1408 727 1608 766 variabilis
1654 726 1720 767 est.

227 793 439 847 Descripto
468 793 594 843 igitur
619 792 666 832 ad
702 792 831 831 datam
867 793 952 846 poli
983 783 1250 833 eleuationem
1277 793 1492 832 secundum
1517 795 1548 842 §.
1583 800 1619 838 8.
1645 793 1723 831 cin

224 860 338 904 culo,
365 859 436 909 qui
466 856 721 895 horizontem
748 859 790 895 in
816 858 1053 907 aliquolibet
1078 857 1197 909 ipfius
1215 857 1297 896 {itu
1325 854 1615 910 repraesentet,
1643 855 1719 896 fi‘e

226 932 366 965 centro
393 921 642 975 aequatoris,
676 921 892 961 interuallo
922 927 1055 960 rectae
1083 921 1191 960 inter
1208 920 1316 960 illud
1348 929 1390 961 et
1416 930 1599 961 centrum
1626 936 1716 977 pro-v

225 993 403 1030 iecturae
426 989 652 1027 horizontis
678 988 913 1026 interiectae
939 987 1108 1025 ducatur
1133 987 1234 1026 alius
1258 988 1455 1035 circulus3
1495 988 1614 1027 huius
1642 991 1717 1027 cir-

223 1055 438 1097 cumducta
463 1055 542 1093 erit
569 1054 678 1094 locus
707 1054 839 1093 centri
874 1053 1129 1108 proiecturae
1164 1053 1389 1094 horizontis
1419 1067 1719 1109 quemcumque

220 1121 338 1173 {itum
361 1121 567 1161 tenentis.
1121 1127 1150 1148 vo

335 1255 393 1291 Vt
419 1250 680 1289 inueniantur
705 1251 781 1288 iam
808 1257 990 1302 tempora
1021 1250 1203 1288 ortuum'
1222 1258 1263 1288 et
1301 1250 1508 1289 occasuum
1539 1252 1714 1303 po'e‘tico·

223 1332 313 1359 rum
349 1316 481 1355 stellae
509 1313 754 1369 propofitae‘,
798 1315 1023 1369 quaerenda
1050 1314 1138 1354 sunt
1163 1316 1278 1369 prius
1306 1326 1457 1369 puncta
1488 1317 1715 1371 eclipticae,

221 1387 263 1425 in
291 1382 436 1438 quibus
463 1381 519 1420 sol
545 1381 707 1429 haeret,
733 1380 890 1434 quando
919 1378 1028 1420 stella
1055 1382 1212 1420 oriente
1240 1382 1303 1420 vel
1331 1382 1538 1423 occidente
1564 1379 1605 1422 et
1631 1382 1712 1436 ipse

219 1453 351 1492 oritur
370 1457 438 1488 aut
456 1448 622 1493 occidit,
660 1456 701 1487 et
728 1461 773 1485 ex
794 1448 841 1485 iis
858 1446 1019 1485 demum
1042 1451 1223 1501 tempora
1242 1448 1469 1489 deriuanda.
1529 1448 1595 1487 Illi
1608 1446 1707 1502 ¹pro-

217 1515 344 1572 posito
369 1521 505 1553 autem
532 1511 651 1552 modo
669 1512 858 1565 sequente
888 1510 1041 1551 satisfit.

322 1648 354 1685 E
376 1645 464 1684 loco
486 1641 629 1690 stellae,
657 1651 859 1700 tamquam
881 1650 1035 1690 cenem,
1063 1643 1173 1682 radio
1201 1637 1456 1700 proiecturae
1480 1644 1710 1685 horizontis

218 1712 286 1753 fiat
315 1724 427 1750 arcus
446 1709 651 1748 circulum
685 1702 883 1762 postremo
911 1708 1152 1762 descriptum
1188 1708 1246 1748 bis
1275 1709 1465 1749 tranfiens
1491 1719 1533 1750 et
1554 1725 1574 1749 e
1602 1725 1704 1764 pun-

215 1782 291 1820 ctis
315 1775 502 1817 transitus
530 1774 671 1814 eodem
702 1774 772 1813 illo
799 1774 910 1814 radio
936 1775 1132 1814 ducantur
1160 1775 1302 1814 circuli
1338 1775 1419 1815 duo
1446 1776 1705 1819 horizontem

215 1843 448 1894 exhibentes
472 1842 513 1880 in
538 1840 687 1882 duabus
713 1838 1001 1894 positionibus,
1027 1854 1120 1893 quas
1147 1839 1255 1879 stella
1279 1833 1416 1881 Brtum
1439 1844 1503 1881 vel
1524 1843 1703 1883 occasum

213 1913 385 1953 faciente
408 1907 541 1948 habet.
609 1910 769 1947 Horum
796 1920 968 1960 namque
996 1901 1241 1947 circulorum
1270 1916 1311 1946 et
1341 1904 1548 1962 eclipticae
1578 1913 1703 1951 inter·

213 1978 407 2029 sectiones
432 1981 526 2013 nota
553 1972 731 2013 efficient
757 1980 937 2029 quatuor⁴
956 1981 1103 2025 puncta
1137 1972 1327 2025 quaesita,
1375 1982 1549 2026 quoru'm
1583 1990 1700 2029 quae·

212 2056 303 2083 nam
327 2041 374 2080 ad
401 2047 536 2078 ortum
568 2037 720 2085 stellae,
759 2051 951 2092 quaenam
978 2037 1025 2078 ad
1052 2038 1229 2078 occasum
1260 2040 1343 2077 eius
1366 2042 1618 2093 pertineant,
1653 2057 1699 2082 ex

212 2111 301 2148 data
324 2105 518 2161 positione
545 2106 801 2158 proiecturae
837 2104 1068 2148 meridiani,
1116 2113 1158 2143 vt
1182 2118 1283 2158 quae.
1306 2115 1445 2145 centra
1474 2112 1699 2161 aequatOtis

212 2184 254 2215 et
277 2174 531 2229 proiecturae
560 2171 1009 2219 horizontiswraiiciat,
1040 2169 1156 2211 facile
1184 2171 1441 2213 diiudicatur.

1553 2320 1562 2327 ’
1597 2309 1700 2347 Loca
