2125 2744
379 88 508 127 XXVI

880 381 1400 433 COROLLARIA.

385 484 738 551 Demonstratio,
767 518 843 558 qua
876 500 1174 547 Kaestnerus
1203 504 1355 553 (Elem.
1379 488 1574 557 geometr.
1605 519 1722 562 prop.
1734 508 1828 559 59)
1849 515 1896 547 et

388 571 474 625 post
488 571 603 610 iilum
617 569 804 608 nonnulli
824 568 886 608 vel
898 567 1096 612 recentia·
1099 583 1258 609 morum
1274 569 1517 630 scriptorum
1534 584 1649 626 prop.
1662 580 1713 617 28
1735 572 1820 612 Lib.
1829 575 1897 612 XI.

388 637 516 680 Elem.
549 636 815 683 munierunt,
856 634 902 675 ad
927 634 1266 691 parallelepipeda
1292 637 1532 700 rectangulq
1559 646 1716 679 tantum
1742 652 1893 692 accom-

388 703 548 744 modata
566 702 737 755 ideoque
757 701 1001 755 incompleta
1018 699 1085 743 est.

503 786 615 826 Fieri
633 782 783 839 potest,
810 793 854 824 vt
870 783 996 824 cubus
1013 786 1069 824 ita
1087 785 1332 839 perforetur,
1362 793 1407 825 vt
1420 785 1520 825 alius
1540 784 1611 839 ipfi
1627 786 1801 839 aequalis
1819 799 1892 840 per

390 854 571 894 foramen
609 850 795 891 transeat.
863 851 939 890 Sed
965 850 1186 905 perforatio
1216 851 1264 890 ad
1291 850 1516 890 Wallisii
1555 852 1735 902 regulam
1761 855 1890 907 (Opp.

389 922 514 960 Tom.
537 920 586 960 11.
611 930 650 971 Ρ.
672 919 765 967 659.
771 918 790 964 )
821 915 1000 955 instituta
1014 914 1190 955 success‘u
1209 914 1455 956 destituitur.

495 1003 578 1048 Qui
605 1000 919 1054 proportionum
946 999 1169 1039 doctrinam
1198 1012 1221 1038 e
1240 999 1463 1052 geometria
1491 999 1767 1054 proscribunt,
1806 1015 1893 1043 eam

391 1082 533 1121 magna
548 1076 662 1121 parte
685 1067 830 1118 rigoris
852 1065 910 1105 sui
930 1067 1108 1119 priuant.

503 1150 753 1192 Reformatio
782 1150 987 1190 doctrinae
1018 1149 1353 1202 proportionum,
1392 1128 1509 1202 quam
1541 1151 1818 1192 Bueschius
1848 1152 1892 1192 in

391 1216 722 1272 encyclopaediae
743 1215 835 1255 fuae
851 1215 1155 1276 mathematicae
1173 1215 1391 1289 appendice
1411 1215 1593 1262 tradidit,
1611 1214 1690 1256 {ine
1703 1219 1746 1258 V.
1763 1218 1891 1260 Elem.

392 1285 497 1326 libro
514 1283 625 1324 nulla
644 1280 709 1323 est.
773 1287 780 1293 '

512 1371 625 1414 Quae
644 1364 793 1406 clariss.
821 1365 1088 1406 Delambre
1120 1367 1163 1405 in
1188 1363 1314 1405 libro:
1345 1364 1532 1406 Me'tlzod‘es
1556 1368 1776 1421 analytiques»
1792 1379 1893 1420 pour

392 1437 427 1476 la
443 1434 708 1475 determination
725 1435 805 1471 d'un
821 1445 882 1471 arc
899 1434 944 1471 du
966 1431 1138 1472 Me'ridien
1156 1445 1197 1485 p.
1223 1444 1300 1481 ¹44
1318 1432 1430 1472 dedit
1450 1444 1680 1487 praecepta,
1712 1449 1824 1473 arcus
1845 1448 1890 1473 ex

392 1501 469 1541 suis
488 1498 766 1551 tangentibus,
797 1497 955 1550 quando
974 1497 1048 1536 hae
1074 1510 1147 1551 per
1170 1496 1386 1537 fracturam
1410 1498 1750 1548 determinantur,
1781 1513 1892 1540 accu-

394 1575 478 1606 rate
494 1559 754 1616 co'gnoscendi
769 1593 778 1610 ‚
812 1565 930 1602 nimis
947 1563 1146 1614 generalia
1168 1563 1338 1615 ideoq-ue
1355 1563 1508 1602 fallacia
1532 1564 1634 1604 sunt.

504 1650 551 1687 In
567 1646 761 1695 tradendo
779 1628 985 1698 systemate
1006 1644 1224 1684 scientifico
1245 1647 1381 1697 regula
1399 1641 1653 1699 Ὁμσγεινεῖοις,
1680 1661 1797 1702 quam
1816 1663 1894 1703 me·

394 1715 540 1756 thodus
558 1712 711 1753 scholae
729 1711 984 1767 praescribit,
1016 1710 1149 1751 stri-cte
1169 1711 1409 1753 obseruanda
1432 1727 1512 1753 non
1531 1713 1599 1755 est.

512 1797 732 1839 Methodus
750 1797 973 1850 synthetica
992 1810 1071 1835 non
1090 1796 1244 1850 semper
1270 1796 1321 1836 ab⁴
1341 1798 1624 1838 vniversalibus
1649 1798 1693 1839 ad
1715 1801 1891 1860 particu-

395 1867 492 1907 laria
506 1863 725 1920 procedere
745 1860 875 1911 debet,
900 1862 962 1902 sed
983 1862 1187 1902 interdum
1208 1876 1368 1917 quoque
1389 1864 1529 1904 ordine
1550 1865 1709 1905 inuersa
1730 1879 1894 1920 progre-

392 1934 433 1973 di
459 1929 598 1986 potest.
664 1943 670 1949 ·

508 2017 737 2066 Perperam,
770 2020 813 2051 vt
835 2025 912 2051 vno
930 2020 969 2051 et
988 2012 1116 2051 altero
1133 2012 1316 2065 exemplo
1336 2011 1622 2065 comprobetur
1641 1990 1816 2053 ιιίΐειείο·
1846 2029 1891 2054 ex

394 2081 490 2122 falso
517 2075 623 2134 poffe
652 2079 803 2118 directe
833 2078 925 2117 elici
957 2092 1119 2124 verum,
1159 2078 1206 2117 ad
1236 2077 1455 2118 Theodosii
1482 2078 1566 2119 Lib.
1584 2082 1614 2119 I
1631 2093 1748 2134 prop.
1772 2093 1817 2121 12
1850 2091 1892 2121 et

395 2147 573 2187 Euclidis
596 2143 679 2183 Lib.
700 2145 762 2184 IX.
779 2157 896 2197 prop.
919 2156 966 2183 12
986 2152 1246 2197 prouocatur.

935 2399 993 2431 τιιε
1013 2402 1139 2440 [senaar
1157 2412 1195 2443 of
1217 2416 1266 2446 γης

936 2460 1040 2510 ΗΑΥ
1065 2465 1092 2513 7
1105 2487 1134 2497 -
1156 2473 1260 2529 1935

909 2535 1085 2573 umvfiastrr
1103 2548 1141 2577 of
1161 2535 1284 2587 uncrinus
