2125 2744
375 147 512 196 xvm

379 256 452 297 bus
478 257 714 297 lemmatum
753 251 927 295 vice'vti
962 253 1174 309 poss‘emus.
1247 254 1438 296 Redimus
1473 271 1592 310 ergo,
1637 258 1740 300 vnde
1773 276 1884 304 exor-

378 322 405 362 fi
436 323 589 370 sumus,
632 323 680 363 ad
707 322 842 362 locum
873 321 1040 373 Virgilii
1077 325 1108 372 §.
1129 323 1181 364 11.
1208 321 1410 362 laudatum
1434 331 1475 363 et
1506 338 1528 363 a
1554 323 1667 366 nobis
1694 328 1791 376 iam,
1823 333 1882 370 vti

383 389 593 444 inscriptio
611 389 735 429 huius
756 387 883 428 libelli
907 388 1137 440 promittit,
1174 388 1470 443 explicandum.

496 502 721 548 Quaeritur
737 502 930 540 nimirum
944 528 954 547 ,
985 501 1187 555 quodnam
1208 500 1255 541 fit
1272 502 1373 543 illud
1392 501 1515 551 fidus,
1536 505 1643 559 quod
1672 505 1796 547 Pleias
1822 521 1885 548 oc-

382 568 517 608 cidens
535 567 690 619 fugere,
710 577 752 606 et
770 567 898 620 qualis
915 565 962 605 fit
977 567 1103 614 ratio,
1134 566 1183 606 ob
1200 580 1321 620 quam
1339 568 1381 608 id
1400 569 1553 620 fugere,
1571 571 1741 613 dicatur.

495 681 733 734 Priusquam
751 678 799 720 ad
816 677 1208 732 hanc'quaestionem
1224 679 1513 721 dissoluendam
1539 683 1788 732 accedamus,
1820 700 1885 724 ne-

382 744 483 786 cess'e
508 744 588 793 est,
624 754 669 785 vt
694 743 960 797 inuestigetur
978 746 1058 792 vis,
1093 758 1194 798 quae
1218 744 1393 784 subiecta
1421 744 1468 784 fit
1494 747 1592 786 huic
1616 748 1769 801 phrasi,
1807 765 1886 805 qua

381 810 485 850 fidus
503 811 664 864 aliquod
683 811 795 850 aliud
816 811 956 862 fugere
979 810 1142 849 dicitur.
1200 812 1259 849 Eo
1286 808 1366 849 fine
1393 811 1793 854 animaduertendum
1817 814 1884 862 est,

378 882 517 931 poetas
545 886 701 917 veteres
719 876 766 917 de
794 875 949 916 duobus
973 873 1187 921 sideribus,
1214 888 1389 928 quorum
1408 890 1530 916 vnum
1549 880 1696 920 occidit
1707 882 1885 921 exorien-

380 952 422 981 te
440 944 567 983 altero
586 943 739 995 saepius
763 941 932 994 perinde
949 940 1083 991 loqui,
1110 953 1154 978 ac
1183 938 1209 978 fi
1236 941 1356 979 huius
1373 951 1535 981 exortus
1559 942 1605 982 fit
1622 945 1711 985 fons
1737 954 1779 986 et
1796 961 1884 987 cau·

379 1007 417 1047 sa
445 1007 600 1048 occasus
620 1006 742 1046 illius.
803 1006 866 1044 Sic
886 1008 1030 1044 Aratus
1051 1003 1098 1043 de
1117 1004 1287 1056 Virgine
1305 1005 1436 1044 canit:

567 1086 628 1128 Οὐ
655 1087 723 1140 μέν
750 1086 823 1133 θην
853 1086 1005 1139 ὀλίγους
1034 1090 1144 1139 ’γαίης
1172 1085 1247 1127 ὑπὸ
1280 1089 1409 1127 νείατα
1435 1086 1585 1135 βάλλει

567 1151 772 1208 Παξθένος
800 1151 1057 1193 ἀντέλλουσα.
1114 1150 1220 1208 Λύρη
1248 1150 1335 1192 τότε
1362 1157 1572 1202 κυλληναίη

567 1221 640 1259 Καὶ
669 1220 819 1272 Δελφὶς
845 1215 1007 1264 δύνουσι,
1037 1220 1102 1258 καὶ
1128 1216 1320 1265 εὐποίητος
1342 1217 1480 1263 Ὀἵς-ές.

1264 1305 1514 1344 Pannona.
1548 1307 1770 1357 596—98.

495 1419 628 1462 Quem
651 1415 785 1457 locum
805 1417 993 1470 Hyginus
1012 1413 1252 1466 (Astronom.
1273 1414 1359 1455 Lib.
1377 1418 1447 1456 lv.
1466 1430 1499 1456 c.
1517 1418 1593 1465 12.)
1610 1418 1884 1472 ita‘expreffin

383 1482 502 1534 Wrgo
519 1489 635 1520 autem
655 1485 817 1521 exoriens
836 1496 903 1520 non
917 1494 1029 1532 pauca
1046 1481 1169 1534 fldem
1194 1479 1367 1532 obsturat.
1429 1481 1526 1521 Nam
1540 1481 1669 1532 statim
1693 1485 1772 1538 lyra
1798 1488 1882 1524 occu·-

381 1550 434 1587 dit
460 1560 534 1587 cum
547 1545 692 1601 sagitta
718 1555 753 1587 et
778 1548 948 1599 delphino.
1018 1545 1188 1586 Rursum
1219 1547 1409 1598 Hyginus
1437 1546 1485 1586 de
1512 1549 1756 1601 Capricorno
1785 1551 1882 1590 haec

381 1612 522 1651 habet:
556 1613 790 1663 Capricornus
809 1615 966 1651 exoriens
985 1612 1067 1650 haec
1075 1612 1197 1666 sidera
1221 1613 1270 1647 ad
1288 1617 1420 1650 trrram
1442 1624 1598 1661 premere
1620 1607 1785 1664 videtur,v
1802 1617 1882 1655 reli·

379 1676 654 1730 qwmfiguram
669 1679 770 1717 nauis
789 1684 826 1715 ct
841 1677 1003 1732 signum,
1035 1678 1131 1728 quod
1148 1674 1312 1729 Procyon
1338 1683 1506 1722 vocatum
1535 1691 1634 1731 quae
1655 1680 1761 1733 apud
1786 1685 1880 1722 Ara-

379 1754 467 1782 tum
497 1741 548 1781 fic
566 1742 726 1782 sonant:

565 1822 672 1869 Αὐτὴ
701 1819 731 1864 δ’
760 1822 799 1873 (ἦ
829 1822 968 1877 Ἀργώ)
998 1823 1202 1876 Αἰγοκεξῆῖ
1226 1821 1459 1879 κατέρχεται
1488 1823 1718 1867 &mmmm

558 1887 690 1941 Ἶ-Ῑμος
718 1890 784 1930 καὶ
812 1888 985 1944 Πξοκῦων
1014 1884 1161 1928 δύεται·

1299 1977 1545 2015 Pineum«.
1577 1979 1672 2026 689.
1705 1990 1772 2028 90.

1493 2052 1514 2060 ·-<

495 2090 683 2141 Spectato
703 2087 839 2140 itaque
865 2085 984 2125 semel
1011 2083 1147 2131 occasu
1175 2082 1307 2124 {idetis
1332 2087 1498 2127 alicuius
1525 2095 1712 2141 tanquam
1742 2086 1769 2127 fi
1793 2101 1882 2141 pro-

383 2151 634 2192 ficisceretur
653 2153 700 2192 ab
716 2152 794 2192 alio
816 2150 939 2191 fidere
961 2152 1189 2197 exoriente,
1221 2164 1320 2203 quae
1336 2155 1472 2206 potius
1494 2152 1590 2205 fingi
1613 2154 1751 2207 potuit
1770 2154 1881 2194 causa

379 2219 653 2272 disparitionis
677 2217 774 2258 *astri
803 2218 1041 2264 occidentis,
1082 2229 1200 2269 quam
1234 2226 1363 2257 metus
1388 2219 1451 2258 vel
1481 2227 1616 2258 terror
1648 2217 1694 2258 ab
1706 2221 1879 2272 ‘oriente

1694 2285 1878 2332 iniectus,
