2125 2744
360 155 429 194 XX

367 255 498 294 casum
528 253 642 297 facit,
682 251 812 299 aliud,
852 250 959 306 quod
987 263 1102 291 mane
1128 252 1304 305 primum
1335 252 1399 292 vel
1425 252 1576 308 vesperi
1606 251 1858 293 nouissimum

366 330 505 361 ortum
531 317 731 364 celebrat,
763 318 901 370 fugere
928 317 1186 371 praedicaret.

481 396 556 432 Pro
583 400 821 443 argumento
852 389 904 428 est
932 390 1043 428 locus
1078 391 1168 429 ille:

553 466 640 508 Vere
658 465 759 519 fabis
780 464 899 518 fiaetio:
927 470 999 504 tum
1021 472 1056 505 te
1083 479 1238 520 quoque,
1265 465 1426 514 Medica,
1459 472 1584 519 putrer

550 535 737 584 Accipiunt
756 530 848 583 sulci
882 537 914 570 et
952 532 1046 571 milio
1072 535 1165 572 venit
1188 547 1303 572 annua
1328 545 1423 579 cura,

552 597 729 637 Candidus
753 599 893 636 auratis
922 599 1038 649 operit
1065 611 1168 651 quum
1201 599 1360 637 cornibus
1383 612 1509 637 annum
1576 611 1578 613 ·

554 664 713 710 Taurus,
740 670 774 703 et
802 661 947 715 aduersi>
967 665 1087 703 cedens
1117 663 1224 704 Canis
1247 664 1367 703 occidit
1394 663 1502 717 astro.

1177 739 1290 777 Gso
1312 750 1404 775 xes
1426 739 1458 775 1.
1494 745 1748 786 215—218.

362 808 427 848 vbi
455 810 568 848 Canis
597 808 773 857 occasum
806 807 1079 863 vespertinum
1111 809 1258 850 faciens
1285 809 1426 848 Tauro
1453 816 1546 848 ortu
1573 809 1773 848 matutino
1799 800 1861 847 ei}-

362 876 514 915 orienti
542 874 683 914 cedere
709 874 813 921 siue,
857 875 963 928 quod
991 874 1131 914 eodem
1161 875 1329 921 recidit,
1375 874 1503 927 ipsum
1533 873 1673 926 fugere
1697 874 1859 931 dicitur.

474 946 692 1001 Explorato
719 945 847 992 sensu,
895 952 938 986 vt
961 945 1016 984 ita
1043 946 1191 993 dicam,
1236 943 1497 1006 astronom'ico
1535 945 1751 987 tribuendo
1779 947 1859 987 for-

361 1013 494 1051 mulae
526 1013 573 1051 de
599 1010 721 1051 fidere
752 1011 933 1063 fugiente
960 1011 1090 1065 aliud,
1132 1010 1403 1064 quaestionem
1422 1011 1539 1065 supra
1557 1011 1770 1065 expositam
1795 1012 1859 1052 ad·

360 1077 473 1130 gredi
503 1078 579 1116 iam
606 1077 716 1116 licet.

477 1155 610 1203 Atque
631 1150 741 1201 illico
766 1150 926 1201 quidem
947 1148 1197 1190 manifestum
1221 1147 1286 1196 est,
1317 1148 1418 1188 fidus
1441 1148 1576 1196 Piscis,
1607 1150 1713 1203 quod
1735 1151 1858 1191 Pleias

361 1216 545 1255 occidens
577 1215 717 1268 fugere
741 1215 821 1255 dici
848 1214 980 1270 poffit,
1017 1217 1073 1255 ita
1097 1217 1137 1255 in
1160 1215 1269 1257 caelo
1294 1215 1534 1254 collocatum
1554 1213 1629 1255 effe
1654 1225 1859 1270 oportere,

361 1292 404 1321 vt
433 1283 628 1321 alteruter
655 1291 821 1320 ortuum
853 1283 937 1320 eius
973 1282 1202 1336 specialium
1241 1280 1267 1322 s.
1298 1295 1544 1328 annuorum,
1591 1287 1717 1335 quum
1746 1291 1859 1322 ortus

361 1348 558 1400 generalis
596 1348 621 1388 s.
657 1348 826 1399 diurnus
866 1348 960 1387 hinc
990 1342 1245 1396 eitcludatur²
1291 1346 1407 1401 super
1440 1347 1654 1388 horizonte
1680 1350 1860 1389 Romano

360 1428 460 1453 aeuo
490 1415 646 1452 Iuliano
672 1415 776 1452 circa
802 1413 906 1452 idem
933 1414 1020 1453 fere
1051 1416 1145 1453 anni
1173 1422 1333 1466 tempus
1363 1414 1639 1464 contingeret,
1684 1427 1765 1468 quo
1797 1427 1860 1454 oc·

361 1479 468 1519 cesus
495 1477 718 1518 matutinus
744 1479 910 1519 Pleiadis
930 1478 1156 1519 eueniebat.
1212 1480 1333 1535 Tum.
1345 1491 1440 1517 vero
1458 1482 1582 1532 a'eque
1600 1479 1858 1534 perspicuum

360 1543 433 1590 est,
461 1543 562 1583 sidus
590 1545 691 1583 illud
715 1558 760 1583 ex
786 1557 927 1584 eorum
950 1557 1120 1584 numero
1139 1542 1215 1582 effe
1233 1543 1399 1588 debere,
1431 1557 1531 1596 quae
1552 1544 1730 1598 'aliquam
1753 1547 1860 1599 apud

360 1620 516 1649 veteres
546 1611 587 1649 in
614 1608 879 1649 describendis
910 1609 1162 1665 temporibus
1190 1607 1534 1663 fignificandisque
1558 1609 1858 1664 tempestatibus

359 1675 612 1715 nobilitatem
640 1684 752 1714 nacta
778 1674 882 1714 sunt.
1814 1686 1817 1688 ·

469 1750 596 1788 Hisce
622 1745 822 1801 requisitis
849 1747 1006 1787 nullum
1038 1745 1138 1788 lidus
1169 1745 1284 1801 piscis
1319 1747 1481 1787 nomine
1516 1747 1749 1801 insignitum
1776 1763 1856 1790 ma·

359 1814 416 1866 gis
446 1814 684 1866 respondere
721 1815 952 1859 inuenitur,
988 1827 1108 1865 quam
1137 1813 1253 1852 Piscis
1281 1814 1416 1851 notius
1442 1827 1462 1852 a
1498 1815 1639 1853 Seruio
1673 1816 1751 1854 iam
1787 1817 1855 1856 hic

358 1889 559 1934 repertus,
625 1880 805 1918 Primum
830 1879 937 1917 enim
968 1867 1081 1918 ortus
1110 1879 1195 1916 eius
1223 1877 1470 1931 vespertinus
1498 1878 1614 1932 super
1640 1881 1855 1929 horizonte

358 1949 536 1985 Romano
572 1957 672 1983 aeuo
709 1944 868 1983 Iuliano
906 1943 1168 1997 praecedebat
1197 1944 1373 1982 occasum
1411 1945 1652 1984 matutinum
1680 1947 1853 1987 <Pleiadis

355 2013 481 2066 spatio
508 2010 703 2063 temporis
729 2009 836 2048 haud
860 2009 1073 2049 admodum
1102 2009 1220 2060 longo
1253 2017 1295 2047 et
1328 2010 1366 2048 ei
1402 2008 1487 2048 fere
1523 2011 1699 2063 aequali,
1745 2014 1853 2066 quod

356 2080 466 2117 inter
507 2076 758 2130 apparentias
794 2075 923 2114 Tauri
963 2083 1005 2114 et
1037 2075 1153 2115 Canis
1197 2074 1285 2113 loco
1321 2076 1502 2128 proxime
1535 2077 1659 2116 citato
1704 2091 1852 2119 memo·

355 2153 458 2183 ratas
488 2140 780 2188 intercedebat,
811 2141 907 2180 adeo
936 2150 979 2181 vt
1011 2141 1136 2180 Pleias
1166 2142 1363 2180 matutine
1389 2141 1573 2180 occidens
1602 2143 1746 2184 Piscem
1782 2160 1851 2186 no·

356 2211 461 2250 tium
485 2207 714 2262 vespertino
742 2216 834 2249 ortu
861 2207 1061 2249 orientem
1096 2207 1237 2260 fugere
1272 2221 1319 2247 ex
1354 2206 1518 2260 virgilii
1552 2208 1707 2253 ratione
1739 2224 1850 2253 recte

1773 2278 1853 2318 dici
