2125 2744
1670 147 1759 186 XIX

253 249 452 298 iniectus,
478 248 575 303 adeo
602 253 645 287 vt
669 246 746 287 hoc
777 245 878 285 illud
908 244 1048 296 fugare
1066 252 1108 285 et
1130 243 1301 286 vicissim.
1320 245 1421 287 illud
1440 247 1516 288 hoc
1538 247 1678 299 fugere
1698 250 1755 288 vi-

254 320 432 360 deretur.
470 312 677 367 „Habebat
696 321 831 352 autem
850 325 894 351 ea
912 310 1021 351 fictio
1038 311 1235 365 potiffime
1254 321 1295 352 et
1323 314 1409 352 iure
1436 314 1572 367 aliquo
1605 315 1754 361 locum,

253 385 280 425 fi
301 399 346 424 ex
365 379 616 436 mythologie
633 380 733 418 ratio
750 387 880 418 metus
909 379 1127 417 terrorisue
1153 378 1268 418 reddi
1295 387 1476 432 poterat,
1504 380 1544 420 id
1575 381 1683 434 quod
1715 384 1756 421 in

255 450 473 503 Scorpione
493 446 688 485 Orionem
708 445 754 484 de
774 444 882 483 caelo
911 443 1075 496 fugante
1097 443 1274 484 obtinet:
1319 444 1578 498 quamobrem
1601 451 1747 488 Aratus

255 517 302 557 de
321 530 368 556 eo
388 513 506 554 dicit:

431 595 506 639 Ὃς
538 595 604 635 καὶ
632 590 881 650 ἐπερχόμενος·
905 592 1046 647 φοβέει
1072 593 1195 648 μέγαν
1218 592 1386 651 Ὠρίωνα.

1336 683 1509 721 Pana.
1539 682 1635 731 636.

251 771 488 817 narrataque
505 761 668 803 historia
685 762 732 802 de
750 770 882 803 morte
902 763 1048 804 Orioni
1074 777 1095 802 a
1118 764 1356 818 Scorpione,
1387 777 1509 817 quem
1537 765 1575 804 ei
1604 766 1750 806 violata

251 834 376 872 Diana
393 828 625 876 immiserat,
654 827 762 868 illata
781 828 908 869 addit:

431 910 602 952 Τοῦνεκοο
631 906 675 955 δὴ
706 911 772 950 καὶ
799 884 906 963 φασὶ.
932 907 1138 966 περαιόθεν
1169 910 1381 966 ἐρχομένοιο

432 975 617 1032 Σκοςπίου
647 969 803 1031 Ὠςίωνοο
832 977 917 1032 mg}
944 973 1084 1028 χθονὸς
1109 974 1269 1029 ἔσχατοι
1298 974 1478 1029 φεύγειν·

1292 1060 1394 1101 Ibid.
1431 1063 1530 1112 ⁶⁴5·
1568 1066 1636 1112 46.

364 1194 417 1230 At
436 1186 585 1228 etiamfi
606 1188 802 1228 eiusmodi
821 1189 923 1228 ratio
942 1203 987 1228 ex
1012 1188 1263 1243 mythologia
1284 1188 1462 1229 desumta
1486 1190 1635 1232 adferri
1665 1206 1745 1233 non

249 1263 410 1312 poterat
428 1263 497 1295 aut
514 1262 670 1294 tantum
692 1253 1037 1308 supprimebatur,
1076 1253 1445 1308 repraesentabatur
1473 1264 1608 1296 tamen
1634 1270 1745 1298 occa-

247 1324 307 1363 sus
332 1320 651 1375 fiderisnalicuius
672 1333 746 1359 ceu
771 1320 864 1372 fuga
881 1319 928 1360 ab
954 1321 1032 1360 alio
1056 1318 1154 1359 astro
1184 1321 1393 1361 exoriente
1417 1323 1594 1370 concita,
1625 1325 1682 1364 vti
1700 1326 1742 1363 in

250 1389 361 1435 Arati
379 1389 504 1452 loco,⁸
518 1387 589 1440 qui
608 1386 726 1425 modo
744 1385 946 1426 laudatum
964 1384 1091 1426 statim
1110 1386 1279 1440 excipit:

431 1465 533 1509 Οὐδὲ
560 1467 627 1519 μὲν
654 1465 889 1522 Ἀνδρομέδης
923 1471 988 1509 καὶ
1016 1467 1153 1514 Κήτεος
1180 1468 1261 1508 ἑσσ’
1289 1468 1462 1509 ἔλέειπτο

431 1536 554 1578 Κεῖνου
583 1528 616 1576 δ’.
643 1530 916 1584 ἀντέλλοντος,
944 1532 1158 1587 οἰπευθέες,
1191 1532 1285 1575 ἀλλ’
1312 1532 1391 1591 ἄξοι
1415 1528 1484 1576 καί
1507 1550 1562 1577 τοι

428 1596 619 1654 Ποινσυδίῃ
649 1598 875 1653 φεύγουσιν·

249 1686 313 1726 vbi
332 1685 410 1725 sola
428 1685 590 1738 pauoris
608 1686 872 1737 aScorpione,
902 1692 1043 1738 vtpote
1064 1685 1224 1724 animali
1245 1684 1461 1729 horrendo,
1482 1685 1643 1724 excitati
1656 1685 1745 1727 idea

249 1752 335 1791 satis
354 1749 487 1791 causae
505 1746 559 1787 est
571 1748 617 1788 ad
635 1748 862 1797 dicendum,
890 1750 1077 1803 reliquias
1096 1748 1371 1789 Andromedae
1388 1757 1430 1787 et
1445 1751 1534 1788 Ceti
1554 1751 1738 1789 exorien-

248 1828 330 1857 tem
350 1813 680 1871 Nepam-fugere.

363 1955 477 2012 Sidus
498 1969 613 2007 ergo,
645 1955 751 2009 quod
780 1954 884 1995 infra
912 1955 1168 1994 horizontem
1197 1953 1419 2002 descendit,
1447 1954 1604 2007 quando
1630 1955 1738 1994 aliud

247 2022 363 2076 supra
386 2034 478 2059 eum
508 2023 696 2073 emergit,
728 2034 841 2060 more
871 2024 1038 2067 Arateo,
1067 2020 1144 2058 hoc
1167 2019 1309 2070 fugere
1337 2019 1417 2059 dici
1444 2019 1591 2073 potest,
1624 2022 1737 2074 isque

246 2097 359 2127 ortus
377 2095 419 2127 et
438 2086 592 2126 occasus
609 2084 691 2125 fine
715 2085 897 2139 respectu
919 2086 967 2125 ad
991 2085 1111 2125 solem
1137 2085 1396 2135 intelligitur.
1455 2085 1650 2136 Virgilius
1676 2100 1741 2124 ve·

247 2165 292 2192 ro
309 2153 411 2193 hanc
429 2151 619 2207 loquendi
645 2150 861 2191 formulam
888 2151 1064 2191 traduxit
1095 2150 1142 2190 ad
1168 2158 1281 2189 ortus
1302 2159 1343 2188 et
1372 2150 1527 2189 occasus
1544 2152 1737 2204 poeticos,

246 2218 343 2257 adeo
361 2226 404 2257 vt
423 2216 546 2265 fidus,
577 2216 882 2271 quod-diluculo
906 2219 1085 2271 primum
1103 2225 1173 2256 aut
1200 2215 1435 2269 crepusculo
1462 2217 1649 2256 vltimum
1676 2231 1740 2254 oc-

1027 2284 1058 2322 C
1090 2295 1111 2322 a
1606 2282 1735 2320 casum
