<?xml version="1.0" encoding="UTF-8"?>
<!DOCTYPE html PUBLIC "-//W3C//DTD XHTML 1.0 Transitional//EN"
    "http://www.w3.org/TR/xhtml1/DTD/xhtml1-transitional.dtd">
<html xmlns="http://www.w3.org/1999/xhtml" xml:lang="en" lang="en">
 <head>
  <title>
</title>
<meta http-equiv="Content-Type" content="text/html;charset=utf-8" />
  <meta name='ocr-system' content='tesseract 3.04.00' />
  <meta name='ocr-capabilities' content='ocr_page ocr_carea ocr_par ocr_line ocrx_word'/>
</head>
<body>
  <div class='ocr_page' id='page_1' title='image "4737977_0019.png"; bbox 0 0 2125 2744; ppageno 0'>
   <div class='ocr_carea' id='block_1_1' title="bbox 108 0 593 36">
    <p class='ocr_par' dir='ltr' id='par_1_1' title="bbox 108 0 593 36">
     <span class='ocr_line' id='line_1_1' title="bbox 117 0 593 21; baseline -0.006 -10"><span class='ocrx_word' id='word_1_1' title='bbox 117 0 124 4; x_wconf 55' lang='lat' dir='ltr'>v</span> <span class='ocrx_word' id='word_1_2' title='bbox 146 0 170 7; x_wconf 63' lang='grc' dir='ltr'>*ν</span> <span class='ocrx_word' id='word_1_3' title='bbox 177 0 407 21; x_wconf 50' lang='lat' dir='ltr'>ff&#39;f&#39;l&#39;ffl&#39;ss-*OEWW&#39;</span> <span class='ocrx_word' id='word_1_4' title='bbox 416 3 417 6; x_wconf 65' lang='lat'><em>=</em></span> <span class='ocrx_word' id='word_1_5' title='bbox 439 3 459 16; x_wconf 56' lang='lat'>„4</span> <span class='ocrx_word' id='word_1_6' title='bbox 466 0 472 4; x_wconf 80' lang='lat'><em>-</em></span> <span class='ocrx_word' id='word_1_7' title='bbox 490 2 493 8; x_wconf 70' lang='grc' dir='ltr'>ι</span> <span class='ocrx_word' id='word_1_8' title='bbox 527 0 531 3; x_wconf 87' lang='grc'>-</span> <span class='ocrx_word' id='word_1_9' title='bbox 541 2 543 6; x_wconf 53' lang='lat'><strong><em>⁴</em></strong></span> <span class='ocrx_word' id='word_1_10' title='bbox 588 2 593 8; x_wconf 78' lang='lat'><strong>.</strong></span> 
     </span>
     <span class='ocr_line' id='line_1_2' title="bbox 108 25 128 36; baseline 0 0"><span class='ocrx_word' id='word_1_11' title='bbox 108 25 128 36; x_wconf 54' lang='lat' dir='ltr'>s</span> 
     </span>
    </p>
   </div>
   <div class='ocr_carea' id='block_1_2' title="bbox 1722 213 1775 252">
    <p class='ocr_par' dir='ltr' id='par_1_2' title="bbox 1722 213 1775 252">
     <span class='ocr_line' id='line_1_3' title="bbox 1722 213 1775 252; baseline 0.019 -1"><span class='ocrx_word' id='word_1_12' title='bbox 1722 213 1775 252; x_wconf 69' lang='lat' dir='ltr'>lx</span> 
     </span>
    </p>
   </div>
   <div class='ocr_carea' id='block_1_3' title="bbox 221 310 1781 1229">
    <p class='ocr_par' dir='ltr' id='par_1_3' title="bbox 221 310 1779 1229">
     <span class='ocr_line' id='line_1_4' title="bbox 273 310 1771 370; baseline -0.001 -12"><span class='ocrx_word' id='word_1_13' title='bbox 273 315 448 358; x_wconf 83' lang='lat' dir='ltr'>circulus</span> <span class='ocrx_word' id='word_1_14' title='bbox 466 317 570 357; x_wconf 87' lang='lat' dir='ltr'>PSM</span> <span class='ocrx_word' id='word_1_15' title='bbox 589 314 721 356; x_wconf 82' lang='lat' dir='ltr'>locum</span> <span class='ocrx_word' id='word_1_16' title='bbox 742 310 872 354; x_wconf 79' lang='lat' dir='ltr'>stellae</span> <span class='ocrx_word' id='word_1_17' title='bbox 890 315 935 361; x_wconf 73' lang='grc' dir='ltr'>ε’,</span> <span class='ocrx_word' id='word_1_18' title='bbox 966 319 1107 367; x_wconf 78' lang='lat' dir='ltr'>quam,</span> <span class='ocrx_word' id='word_1_19' title='bbox 1137 316 1163 354; x_wconf 90' lang='lat' dir='ltr'><strong>P</strong></span> <span class='ocrx_word' id='word_1_20' title='bbox 1183 313 1321 370; x_wconf 76' lang='lat' dir='ltr'>polum</span> <span class='ocrx_word' id='word_1_21' title='bbox 1351 315 1496 356; x_wconf 87' lang='lat' dir='ltr'>mundi&#39;</span> <span class='ocrx_word' id='word_1_22' title='bbox 1517 313 1681 359; x_wconf 83' lang='lat' dir='ltr'>boreum</span> <span class='ocrx_word' id='word_1_23' title='bbox 1711 331 1771 357; x_wconf 84' lang='lat' dir='ltr'>re-</span> 
     </span>
     <span class='ocr_line' id='line_1_5' title="bbox 272 372 1771 438; baseline -0.001 -16"><span class='ocrx_word' id='word_1_24' title='bbox 272 372 452 430; x_wconf 77' lang='lat' dir='ltr'>ferente,</span> <span class='ocrx_word' id='word_1_25' title='bbox 489 384 519 421; x_wconf 83' lang='lat' dir='ltr'>F</span> <span class='ocrx_word' id='word_1_26' title='bbox 523 383 574 433; x_wconf 82' lang='lat' dir='ltr'>ig.</span> <span class='ocrx_word' id='word_1_27' title='bbox 602 383 631 420; x_wconf 91' lang='lat'>1.</span> <span class='ocrx_word' id='word_1_28' title='bbox 659 382 701 420; x_wconf 90' lang='lat' dir='ltr'>in</span> <span class='ocrx_word' id='word_1_29' title='bbox 728 381 942 421; x_wconf 79' lang='lat' dir='ltr'>horizonte</span> <span class='ocrx_word' id='word_1_30' title='bbox 956 381 1122 438; x_wconf 52' lang='lat' dir='ltr'>ortiu02</span> <span class='ocrx_word' id='word_1_31' title='bbox 1165 383 1251 433; x_wconf 82' lang='lat' dir='ltr'>Fig.</span> <span class='ocrx_word' id='word_1_32' title='bbox 1278 384 1330 420; x_wconf 86' lang='grc' dir='ltr'>ΙΙ.</span> <span class='ocrx_word' id='word_1_33' title='bbox 1359 383 1399 420; x_wconf 88' lang='lat' dir='ltr'>in</span> <span class='ocrx_word' id='word_1_34' title='bbox 1424 383 1642 426; x_wconf 75' lang='lat' dir='ltr'>horizonte</span> <span class='ocrx_word' id='word_1_35' title='bbox 1669 387 1771 422; x_wconf 85' lang='lat' dir='ltr'>occi·</span> 
     </span>
     <span class='ocr_line' id='line_1_6' title="bbox 268 443 1772 503; baseline -0.001 -13"><span class='ocrx_word' id='word_1_36' title='bbox 268 450 353 497; x_wconf 16' lang='lat' dir='ltr'>‘duo</span> <span class='ocrx_word' id='word_1_37' title='bbox 379 449 517 503; x_wconf 89' lang='lat' dir='ltr'>ponit,</span> <span class='ocrx_word' id='word_1_38' title='bbox 546 443 737 487; x_wconf 77' lang='lat' dir='ltr'>tranfiens</span> <span class='ocrx_word' id='word_1_39' title='bbox 763 446 1107 486; x_wconf 78' lang='lat' dir='ltr'>et·dec1inationis</span> <span class='ocrx_word' id='word_1_40' title='bbox 1131 447 1331 487; x_wconf 87' lang='lat' dir='ltr'>circulum</span> <span class='ocrx_word' id='word_1_41' title='bbox 1363 448 1672 501; x_wconf 76' lang='lat' dir='ltr'>repraesentans.</span> <span class='ocrx_word' id='word_1_42' title='bbox 1710 449 1772 489; x_wconf 86' lang='lat' dir='ltr'>Ab</span> 
     </span>
     <span class='ocr_line' id='line_1_7' title="bbox 274 511 1771 566; baseline -0.001 -11"><span class='ocrx_word' id='word_1_43' title='bbox 274 517 362 555; x_wconf 73' lang='lat' dir='ltr'>eius</span> <span class='ocrx_word' id='word_1_44' title='bbox 389 522 432 554; x_wconf 81' lang='lat' dir='ltr'>et</span> <span class='ocrx_word' id='word_1_45' title='bbox 458 514 683 566; x_wconf 74' lang='lat' dir='ltr'>aequatoris</span> <span class='ocrx_word' id='word_1_46' title='bbox 719 511 895 551; x_wconf 78' lang='lat' dir='ltr'>sectione</span> <span class='ocrx_word' id='word_1_47' title='bbox 920 514 968 550; x_wconf 90' lang='lat' dir='ltr'>M</span> <span class='ocrx_word' id='word_1_48' title='bbox 995 512 1088 551; x_wconf 83' lang='lat' dir='ltr'>inde</span> <span class='ocrx_word' id='word_1_49' title='bbox 1121 524 1192 566; x_wconf 88' lang='lat' dir='ltr'>per</span> <span class='ocrx_word' id='word_1_50' title='bbox 1213 516 1244 564; x_wconf 83' lang='lat'>§.</span> <span class='ocrx_word' id='word_1_51' title='bbox 1271 523 1336 562; x_wconf 79' lang='lat'>27.</span> <span class='ocrx_word' id='word_1_52' title='bbox 1366 512 1608 554; x_wconf 80' lang='lat' dir='ltr'>abscinditur</span> <span class='ocrx_word' id='word_1_53' title='bbox 1638 515 1771 555; x_wconf 85' lang='lat' dir='ltr'>versus</span> 
     </span>
     <span class='ocr_line' id='line_1_8' title="bbox 271 573 1770 632; baseline -0.002 -11"><span class='ocrx_word' id='word_1_54' title='bbox 271 573 526 621; x_wconf 79' lang='lat' dir='ltr'>occidentem</span> <span class='ocrx_word' id='word_1_55' title='bbox 552 590 665 618; x_wconf 83' lang='lat' dir='ltr'>arcus</span> <span class='ocrx_word' id='word_1_56' title='bbox 691 578 917 632; x_wconf 75' lang='lat' dir='ltr'>aequaturis</span> <span class='ocrx_word' id='word_1_57' title='bbox 939 580 1021 618; x_wconf 91' lang='lat' dir='ltr'>MF</span> <span class='ocrx_word' id='word_1_58' title='bbox 1034 607 1046 625; x_wconf 90' lang='lat'>‚</span> <span class='ocrx_word' id='word_1_59' title='bbox 1073 577 1330 620; x_wconf 74' lang='lat' dir='ltr'>ascensionem</span> <span class='ocrx_word' id='word_1_60' title='bbox 1361 587 1511 619; x_wconf 80' lang='lat' dir='ltr'>rectam</span> <span class='ocrx_word' id='word_1_61' title='bbox 1541 579 1671 619; x_wconf 83' lang='lat' dir='ltr'>datam</span> <span class='ocrx_word' id='word_1_62' title='bbox 1693 593 1770 618; x_wconf 88' lang='lat' dir='ltr'>me·</span> 
     </span>
     <span class='ocr_line' id='line_1_9' title="bbox 274 643 1772 699; baseline -0.001 -12"><span class='ocrx_word' id='word_1_63' title='bbox 274 648 400 694; x_wconf 76' lang='lat' dir='ltr'>tiens,</span> <span class='ocrx_word' id='word_1_64' title='bbox 451 643 758 686; x_wconf 73' lang='lat' dir='ltr'>vtobtincatur</span> <span class='ocrx_word' id='word_1_65' title='bbox 790 652 990 699; x_wconf 82' lang='lat' dir='ltr'>punctum</span> <span class='ocrx_word' id='word_1_66' title='bbox 1025 647 1268 699; x_wconf 84' lang='lat' dir='ltr'>aequinoctii</span> <span class='ocrx_word' id='word_1_67' title='bbox 1298 648 1411 685; x_wconf 84' lang='lat' dir='ltr'>verni</span> <span class='ocrx_word' id='word_1_68' title='bbox 1441 647 1485 685; x_wconf 81' lang='lat' dir='ltr'>F.</span> <span class='ocrx_word' id='word_1_69' title='bbox 1561 648 1634 685; x_wconf 88' lang='lat' dir='ltr'>Per</span> <span class='ocrx_word' id='word_1_70' title='bbox 1670 646 1772 685; x_wconf 81' lang='lat' dir='ltr'>illud</span> 
     </span>
     <span class='ocr_line' id='line_1_10' title="bbox 278 709 1779 767; baseline -0.001 -14"><span class='ocrx_word' id='word_1_71' title='bbox 278 712 426 754; x_wconf 86' lang='lat' dir='ltr'>deinde</span> <span class='ocrx_word' id='word_1_72' title='bbox 456 711 671 751; x_wconf 85' lang='lat' dir='ltr'>secundum</span> <span class='ocrx_word' id='word_1_73' title='bbox 698 719 911 765; x_wconf 82' lang='lat' dir='ltr'>praecepta</span> <span class='ocrx_word' id='word_1_74' title='bbox 935 713 967 760; x_wconf 83' lang='lat'>§.</span> <span class='ocrx_word' id='word_1_75' title='bbox 993 723 1061 762; x_wconf 82' lang='lat'>45.</span> <span class='ocrx_word' id='word_1_76' title='bbox 1093 711 1256 752; x_wconf 79' lang='lat' dir='ltr'>ducitur</span> <span class='ocrx_word' id='word_1_77' title='bbox 1276 713 1454 751; x_wconf 82' lang='lat' dir='ltr'>circulus</span> <span class='ocrx_word' id='word_1_78' title='bbox 1482 714 1554 752; x_wconf 84' lang='lat' dir='ltr'>FG</span> <span class='ocrx_word' id='word_1_79' title='bbox 1574 709 1779 767; x_wconf 85' lang='lat' dir='ltr'>proiectu-</span> 
     </span>
     <span class='ocr_line' id='line_1_11' title="bbox 276 775 1777 832; baseline -0.002 -12"><span class='ocrx_word' id='word_1_80' title='bbox 276 790 412 820; x_wconf 77' lang='lat' dir='ltr'>turam</span> <span class='ocrx_word' id='word_1_81' title='bbox 441 779 667 832; x_wconf 74' lang='lat' dir='ltr'>aequatur-is</span> <span class='ocrx_word' id='word_1_82' title='bbox 693 778 818 823; x_wconf 85' lang='lat' dir='ltr'>WQo</span> <span class='ocrx_word' id='word_1_83' title='bbox 854 775 925 817; x_wconf 87' lang='lat' dir='ltr'>sub</span> <span class='ocrx_word' id='word_1_84' title='bbox 952 777 1098 829; x_wconf 83' lang='lat' dir='ltr'>angulo</span> <span class='ocrx_word' id='word_1_85' title='bbox 1125 778 1356 832; x_wconf 76' lang='lat' dir='ltr'>obliquitati</span> <span class='ocrx_word' id='word_1_86' title='bbox 1386 778 1596 832; x_wconf 85' lang='lat' dir='ltr'>eclipticae</span> <span class='ocrx_word' id='word_1_87' title='bbox 1621 779 1777 831; x_wconf 83' lang='lat' dir='ltr'>aequali</span> 
     </span>
     <span class='ocr_line' id='line_1_12' title="bbox 221 842 1778 898; baseline -0.002 -12"><span class='ocrx_word' id='word_1_88' title='bbox 221 887 249 896; x_wconf 68' lang='grc'>,,</span> <span class='ocrx_word' id='word_1_89' title='bbox 279 845 520 886; x_wconf 79' lang='lat' dir='ltr'>intersecans</span> <span class='ocrx_word' id='word_1_90' title='bbox 546 853 588 884; x_wconf 88' lang='lat' dir='ltr'>et</span> <span class='ocrx_word' id='word_1_91' title='bbox 612 844 838 898; x_wconf 80' lang='lat' dir='ltr'>eclipticam</span> <span class='ocrx_word' id='word_1_92' title='bbox 875 842 1077 884; x_wconf 85' lang='lat' dir='ltr'>exhibens.</span> <span class='ocrx_word' id='word_1_93' title='bbox 1152 846 1288 885; x_wconf 80' lang='lat' dir='ltr'>Huius</span> <span class='ocrx_word' id='word_1_94' title='bbox 1315 844 1490 897; x_wconf 85' lang='lat' dir='ltr'>denique</span> <span class='ocrx_word' id='word_1_95' title='bbox 1517 853 1559 883; x_wconf 89' lang='lat' dir='ltr'>et</span> <span class='ocrx_word' id='word_1_96' title='bbox 1587 844 1778 884; x_wconf 79' lang='lat' dir='ltr'>horizon·</span> 
     </span>
     <span class='ocr_line' id='line_1_13' title="bbox 277 908 1777 963; baseline -0.002 -10"><span class='ocrx_word' id='word_1_97' title='bbox 277 915 330 953; x_wconf 84' lang='lat' dir='ltr'>tis</span> <span class='ocrx_word' id='word_1_98' title='bbox 355 910 638 951; x_wconf 83' lang='lat' dir='ltr'>intersectione</span> <span class='ocrx_word' id='word_1_99' title='bbox 666 913 698 948; x_wconf 89' lang='lat' dir='ltr'>L</span> <span class='ocrx_word' id='word_1_100' title='bbox 721 919 763 947; x_wconf 87' lang='lat' dir='ltr'>et</span> <span class='ocrx_word' id='word_1_101' title='bbox 794 911 832 948; x_wconf 84' lang='lat' dir='ltr'>G</span> <span class='ocrx_word' id='word_1_102' title='bbox 859 909 1116 948; x_wconf 85' lang='lat' dir='ltr'>innotescunt</span> <span class='ocrx_word' id='word_1_103' title='bbox 1142 912 1229 950; x_wconf 86' lang='lat' dir='ltr'>loca</span> <span class='ocrx_word' id='word_1_104' title='bbox 1256 911 1346 948; x_wconf 76' lang='lat' dir='ltr'>solis</span> <span class='ocrx_word' id='word_1_105' title='bbox 1380 908 1571 961; x_wconf 81' lang='lat' dir='ltr'>quaesita,</span> <span class='ocrx_word' id='word_1_106' title='bbox 1601 924 1777 963; x_wconf 88' lang='lat' dir='ltr'>quorum</span> 
     </span>
     <span class='ocr_line' id='line_1_14' title="bbox 265 971 1778 1031; baseline -0.002 -14"><span class='ocrx_word' id='word_1_107' title='bbox 265 978 366 1031; x_wconf 57' lang='lat' dir='ltr'>⁴illa,</span> <span class='ocrx_word' id='word_1_108' title='bbox 392 973 493 1029; x_wconf 81' lang='lat' dir='ltr'>quae</span> <span class='ocrx_word' id='word_1_109' title='bbox 521 975 606 1026; x_wconf 84' lang='lat' dir='ltr'>Fig.</span> <span class='ocrx_word' id='word_1_110' title='bbox 633 976 662 1013; x_wconf 90' lang='grc' dir='ltr'>Ι.</span> <span class='ocrx_word' id='word_1_111' title='bbox 687 971 801 1022; x_wconf 80' lang='lat' dir='ltr'>fistit‚</span> <span class='ocrx_word' id='word_1_112' title='bbox 835 972 883 1012; x_wconf 83' lang='lat' dir='ltr'>ad</span> <span class='ocrx_word' id='word_1_113' title='bbox 911 975 1027 1013; x_wconf 78' lang='lat' dir='ltr'>ortus</span> <span class='ocrx_word' id='word_1_114' title='bbox 1053 986 1187 1019; x_wconf 83' lang='lat' dir='ltr'>veros,</span> <span class='ocrx_word' id='word_1_115' title='bbox 1221 981 1262 1013; x_wconf 89' lang='lat' dir='ltr'>et</span> <span class='ocrx_word' id='word_1_116' title='bbox 1290 976 1323 1012; x_wconf 87' lang='lat' dir='ltr'>L</span> <span class='ocrx_word' id='word_1_117' title='bbox 1347 973 1511 1027; x_wconf 86' lang='lat' dir='ltr'>quidem</span> <span class='ocrx_word' id='word_1_118' title='bbox 1537 975 1584 1013; x_wconf 80' lang='lat' dir='ltr'>ad</span> <span class='ocrx_word' id='word_1_119' title='bbox 1614 977 1778 1019; x_wconf 66' lang='lat' dir='ltr'>matuti-</span> 
     </span>
     <span class='ocr_line' id='line_1_15' title="bbox 278 1039 1781 1092; baseline -0.003 -8"><span class='ocrx_word' id='word_1_120' title='bbox 278 1056 399 1089; x_wconf 73' lang='grc' dir='ltr'>ηοω,</span> <span class='ocrx_word' id='word_1_121' title='bbox 429 1043 466 1082; x_wconf 88' lang='lat' dir='ltr'>G</span> <span class='ocrx_word' id='word_1_122' title='bbox 493 1053 588 1080; x_wconf 85' lang='lat' dir='ltr'>vero</span> <span class='ocrx_word' id='word_1_123' title='bbox 618 1039 664 1079; x_wconf 87' lang='lat' dir='ltr'>ad</span> <span class='ocrx_word' id='word_1_124' title='bbox 689 1039 983 1092; x_wconf 78' lang='lat' dir='ltr'>vespertinum,</span> <span class='ocrx_word' id='word_1_125' title='bbox 1012 1052 1059 1078; x_wconf 82' lang='lat' dir='ltr'>ea</span> <span class='ocrx_word' id='word_1_126' title='bbox 1082 1047 1236 1086; x_wconf 88' lang='lat' dir='ltr'>autem,</span> <span class='ocrx_word' id='word_1_127' title='bbox 1275 1053 1377 1092; x_wconf 83' lang='lat' dir='ltr'>quae</span> <span class='ocrx_word' id='word_1_128' title='bbox 1406 1041 1491 1092; x_wconf 87' lang='lat' dir='ltr'>Fig.</span> <span class='ocrx_word' id='word_1_129' title='bbox 1524 1042 1574 1079; x_wconf 86' lang='lat'>11.</span> <span class='ocrx_word' id='word_1_130' title='bbox 1604 1040 1781 1086; x_wconf 77' lang='lat' dir='ltr'>exhibet,</span> 
     </span>
     <span class='ocr_line' id='line_1_16' title="bbox 278 1104 1780 1189; baseline -0.001 -41"><span class='ocrx_word' id='word_1_131' title='bbox 278 1109 326 1148; x_wconf 88' lang='lat' dir='ltr'>ad</span> <span class='ocrx_word' id='word_1_132' title='bbox 351 1106 506 1148; x_wconf 83' lang='lat' dir='ltr'>occasus</span> <span class='ocrx_word' id='word_1_133' title='bbox 533 1120 667 1153; x_wconf 89' lang='lat' dir='ltr'>veros,</span> <span class='ocrx_word' id='word_1_134' title='bbox 699 1108 731 1144; x_wconf 89' lang='lat' dir='ltr'>L</span> <span class='ocrx_word' id='word_1_135' title='bbox 756 1105 945 1145; x_wconf 83' lang='lat' dir='ltr'>videlicet</span> <span class='ocrx_word' id='word_1_136' title='bbox 968 1104 1016 1144; x_wconf 81' lang='lat' dir='ltr'>ad</span> <span class='ocrx_word' id='word_1_137' title='bbox 1042 1104 1340 1189; x_wconf 81' lang='lat' dir='ltr'>vespertinum,</span> <span class='ocrx_word' id='word_1_138' title='bbox 1372 1114 1491 1160; x_wconf 81' lang='lat' dir='ltr'>atque</span> <span class='ocrx_word' id='word_1_139' title='bbox 1518 1107 1555 1147; x_wconf 90' lang='lat' dir='ltr'>G</span> <span class='ocrx_word' id='word_1_140' title='bbox 1582 1107 1628 1146; x_wconf 83' lang='lat' dir='ltr'>ad</span> <span class='ocrx_word' id='word_1_141' title='bbox 1652 1117 1780 1147; x_wconf 82' lang='lat' dir='ltr'>inatu-</span> 
     </span>
     <span class='ocr_line' id='line_1_17' title="bbox 279 1173 644 1229; baseline -0.014 -14"><span class='ocrx_word' id='word_1_142' title='bbox 279 1188 398 1222; x_wconf 88' lang='lat' dir='ltr'>num,</span> <span class='ocrx_word' id='word_1_143' title='bbox 426 1173 644 1229; x_wconf 80' lang='lat' dir='ltr'>pertinent.</span> 
     </span>
    </p>
   </div>
   <div class='ocr_carea' id='block_1_4' title="bbox 210 1282 1786 1801">
    <p class='ocr_par' dir='ltr' id='par_1_4' title="bbox 210 1282 1786 1801">
     <span class='ocr_line' id='line_1_18' title="bbox 395 1282 1781 1339; baseline 0.001 -15"><span class='ocrx_word' id='word_1_144' title='bbox 395 1285 471 1327; x_wconf 86' lang='lat' dir='ltr'>Sed</span> <span class='ocrx_word' id='word_1_145' title='bbox 489 1282 738 1339; x_wconf 76' lang='lat' dir='ltr'>temporibus</span> <span class='ocrx_word' id='word_1_146' title='bbox 758 1290 923 1323; x_wconf 89' lang='lat' dir='ltr'>ortuum</span> <span class='ocrx_word' id='word_1_147' title='bbox 948 1291 990 1323; x_wconf 84' lang='lat' dir='ltr'>et</span> <span class='ocrx_word' id='word_1_148' title='bbox 1022 1283 1227 1329; x_wconf 83' lang='lat' dir='ltr'>occasuum</span> <span class='ocrx_word' id='word_1_149' title='bbox 1259 1285 1539 1339; x_wconf 87' lang='lat' dir='ltr'>apparentium</span> <span class='ocrx_word' id='word_1_150' title='bbox 1569 1286 1781 1325; x_wconf 84' lang='lat' dir='ltr'>inuenien-</span> 
     </span>
     <span class='ocr_line' id='line_1_19' title="bbox 281 1340 1782 1407; baseline -0.001 -15"><span class='ocrx_word' id='word_1_151' title='bbox 281 1354 340 1402; x_wconf 82' lang='lat' dir='ltr'>dis</span> <span class='ocrx_word' id='word_1_152' title='bbox 359 1366 432 1407; x_wconf 87' lang='lat' dir='ltr'>per</span> <span class='ocrx_word' id='word_1_153' title='bbox 449 1353 479 1400; x_wconf 68' lang='lat'>§-</span> <span class='ocrx_word' id='word_1_154' title='bbox 495 1364 559 1399; x_wconf 85' lang='lat'>30.</span> <span class='ocrx_word' id='word_1_155' title='bbox 578 1351 852 1404; x_wconf 83' lang='lat' dir='ltr'>proiiciuntur</span> <span class='ocrx_word' id='word_1_156' title='bbox 873 1349 1035 1403; x_wconf 81' lang='lat' dir='ltr'>insuper</span> <span class='ocrx_word' id='word_1_157' title='bbox 1049 1350 1194 1389; x_wconf 87' lang='lat' dir='ltr'>circuli</span> <span class='ocrx_word' id='word_1_158' title='bbox 1213 1351 1420 1390; x_wconf 82' lang='lat' dir='ltr'>horizonti</span> <span class='ocrx_word' id='word_1_159' title='bbox 1439 1351 1621 1405; x_wconf 80' lang='lat' dir='ltr'>paralleli</span> <span class='ocrx_word' id='word_1_160' title='bbox 1635 1340 1782 1398; x_wconf 81' lang='lat' dir='ltr'>lVKT,</span> 
     </span>
     <span class='ocr_line' id='line_1_20' title="bbox 282 1413 1782 1472; baseline -0.001 -13"><span class='ocrx_word' id='word_1_161' title='bbox 282 1421 323 1459; x_wconf 88' lang='lat' dir='ltr'>in</span> <span class='ocrx_word' id='word_1_162' title='bbox 350 1415 494 1472; x_wconf 87' lang='lat' dir='ltr'>quibus</span> <span class='ocrx_word' id='word_1_163' title='bbox 528 1415 584 1455; x_wconf 92' lang='lat' dir='ltr'>sol</span> <span class='ocrx_word' id='word_1_164' title='bbox 609 1428 694 1454; x_wconf 84' lang='lat' dir='ltr'>eam</span> <span class='ocrx_word' id='word_1_165' title='bbox 722 1413 1008 1469; x_wconf 80' lang='lat' dir='ltr'>depreffionem</span> <span class='ocrx_word' id='word_1_166' title='bbox 1035 1417 1220 1468; x_wconf 80' lang='lat' dir='ltr'>attingit,</span> <span class='ocrx_word' id='word_1_167' title='bbox 1258 1430 1378 1470; x_wconf 86' lang='lat' dir='ltr'>quam</span> <span class='ocrx_word' id='word_1_168' title='bbox 1398 1415 1545 1457; x_wconf 87' lang='lat' dir='ltr'>habere</span> <span class='ocrx_word' id='word_1_169' title='bbox 1568 1416 1709 1464; x_wconf 82' lang='lat' dir='ltr'>debet,</span> <span class='ocrx_word' id='word_1_170' title='bbox 1737 1427 1782 1458; x_wconf 87' lang='lat' dir='ltr'>vt</span> 
     </span>
     <span class='ocr_line' id='line_1_21' title="bbox 210 1478 1784 1536; baseline -0.002 -12"><span class='ocrx_word' id='word_1_171' title='bbox 210 1478 227 1484; x_wconf 66' lang='lat'><strong><em>‘</em></strong></span> <span class='ocrx_word' id='word_1_172' title='bbox 282 1484 391 1524; x_wconf 86' lang='lat' dir='ltr'>stella</span> <span class='ocrx_word' id='word_1_173' title='bbox 409 1483 456 1523; x_wconf 82' lang='lat' dir='ltr'>ad</span> <span class='ocrx_word' id='word_1_174' title='bbox 478 1482 642 1521; x_wconf 83' lang='lat' dir='ltr'>eandem</span> <span class='ocrx_word' id='word_1_175' title='bbox 665 1495 756 1520; x_wconf 90' lang='lat' dir='ltr'>cum</span> <span class='ocrx_word' id='word_1_176' title='bbox 776 1480 859 1534; x_wconf 88' lang='lat' dir='ltr'>ipso</span> <span class='ocrx_word' id='word_1_177' title='bbox 877 1481 939 1520; x_wconf 82' lang='lat' dir='ltr'>vel</span> <span class='ocrx_word' id='word_1_178' title='bbox 962 1481 1162 1521; x_wconf 85' lang='lat' dir='ltr'>aduersam</span> <span class='ocrx_word' id='word_1_179' title='bbox 1179 1491 1338 1536; x_wconf 83' lang='lat' dir='ltr'>partem</span> <span class='ocrx_word' id='word_1_180' title='bbox 1358 1482 1572 1522; x_wconf 82' lang='lat' dir='ltr'>meridiani</span> <span class='ocrx_word' id='word_1_181' title='bbox 1599 1483 1639 1521; x_wconf 89' lang='lat' dir='ltr'>in</span> <span class='ocrx_word' id='word_1_182' title='bbox 1670 1483 1784 1522; x_wconf 82' lang='lat' dir='ltr'>hori-</span> 
     </span>
     <span class='ocr_line' id='line_1_22' title="bbox 282 1545 1786 1603; baseline -0.001 -13"><span class='ocrx_word' id='word_1_183' title='bbox 282 1557 403 1591; x_wconf 70' lang='lat' dir='ltr'>&#39;Lente</span> <span class='ocrx_word' id='word_1_184' title='bbox 423 1546 549 1603; x_wconf 77' lang='lat' dir='ltr'>posita</span> <span class='ocrx_word' id='word_1_185' title='bbox 566 1545 741 1601; x_wconf 89' lang='lat' dir='ltr'>conspici</span> <span class='ocrx_word' id='word_1_186' title='bbox 759 1553 889 1599; x_wconf 84' lang='lat' dir='ltr'>queat.</span> <span class='ocrx_word' id='word_1_187' title='bbox 949 1548 1040 1592; x_wconf 90' lang='lat' dir='ltr'>Quo</span> <span class='ocrx_word' id='word_1_188' title='bbox 1057 1546 1162 1586; x_wconf 80' lang='lat' dir='ltr'>facto</span> <span class='ocrx_word' id='word_1_189' title='bbox 1187 1547 1274 1588; x_wconf 88' lang='lat' dir='ltr'>loca</span> <span class='ocrx_word' id='word_1_190' title='bbox 1289 1546 1380 1588; x_wconf 86' lang='lat' dir='ltr'>solis</span> <span class='ocrx_word' id='word_1_191' title='bbox 1401 1548 1558 1589; x_wconf 82' lang='lat' dir='ltr'>ortibus</span> <span class='ocrx_word' id='word_1_192' title='bbox 1584 1556 1626 1587; x_wconf 86' lang='lat' dir='ltr'>et</span> <span class='ocrx_word' id='word_1_193' title='bbox 1647 1546 1786 1588; x_wconf 79' lang='lat' dir='ltr'>occasi-</span> 
     </span>
     <span class='ocr_line' id='line_1_23' title="bbox 281 1612 1785 1670; baseline -0.001 -15"><span class='ocrx_word' id='word_1_194' title='bbox 281 1616 355 1667; x_wconf 86' lang='lat' dir='ltr'>bus</span> <span class='ocrx_word' id='word_1_195' title='bbox 372 1612 589 1654; x_wconf 76' lang='lat' dir='ltr'>visibilibus</span> <span class='ocrx_word' id='word_1_196' title='bbox 608 1614 873 1662; x_wconf 80' lang='lat' dir='ltr'>congruentia</span> <span class='ocrx_word' id='word_1_197' title='bbox 888 1612 1053 1670; x_wconf 87' lang='lat' dir='ltr'>illorum</span> <span class='ocrx_word' id='word_1_198' title='bbox 1077 1614 1321 1653; x_wconf 85' lang='lat' dir='ltr'>circulorum</span> <span class='ocrx_word' id='word_1_199' title='bbox 1348 1622 1391 1653; x_wconf 88' lang='lat' dir='ltr'>et</span> <span class='ocrx_word' id='word_1_200' title='bbox 1418 1614 1635 1667; x_wconf 83' lang='lat' dir='ltr'>eclipticae</span> <span class='ocrx_word' id='word_1_201' title='bbox 1656 1616 1785 1654; x_wconf 81' lang='lat' dir='ltr'>inter-</span> 
     </span>
     <span class='ocr_line' id='line_1_24' title="bbox 283 1676 1784 1731; baseline -0.003 -9"><span class='ocrx_word' id='word_1_202' title='bbox 283 1678 524 1722; x_wconf 81' lang='lat' dir='ltr'>fectionibus</span> <span class='ocrx_word' id='word_1_203' title='bbox 548 1680 588 1716; x_wconf 94' lang='lat' dir='ltr'>T</span> <span class='ocrx_word' id='word_1_204' title='bbox 616 1685 657 1716; x_wconf 89' lang='lat' dir='ltr'>et</span> <span class='ocrx_word' id='word_1_205' title='bbox 684 1679 719 1716; x_wconf 83' lang='lat' dir='ltr'>Y</span> <span class='ocrx_word' id='word_1_206' title='bbox 746 1676 913 1724; x_wconf 89' lang='lat' dir='ltr'>dantur,</span> <span class='ocrx_word' id='word_1_207' title='bbox 942 1691 1043 1731; x_wconf 85' lang='lat' dir='ltr'>quae</span> <span class='ocrx_word' id='word_1_208' title='bbox 1070 1678 1260 1731; x_wconf 86' lang='lat' dir='ltr'>quorsum</span> <span class='ocrx_word' id='word_1_209' title='bbox 1294 1678 1504 1718; x_wconf 79' lang='lat' dir='ltr'>referenda</span> <span class='ocrx_word' id='word_1_210' title='bbox 1523 1677 1622 1726; x_wconf 72' lang='lat' dir='ltr'>sint,</span> <span class='ocrx_word' id='word_1_211' title='bbox 1650 1693 1695 1719; x_wconf 74' lang='lat' dir='ltr'>ex</span> <span class='ocrx_word' id='word_1_212' title='bbox 1721 1681 1784 1725; x_wconf 85' lang='lat' dir='ltr'>iis,</span> 
     </span>
     <span class='ocr_line' id='line_1_25' title="bbox 283 1742 1131 1801; baseline -0.005 -14"><span class='ocrx_word' id='word_1_213' title='bbox 283 1760 384 1801; x_wconf 88' lang='lat' dir='ltr'>quae</span> <span class='ocrx_word' id='word_1_214' title='bbox 408 1744 527 1785; x_wconf 84' lang='lat' dir='ltr'>modo</span> <span class='ocrx_word' id='word_1_215' title='bbox 553 1743 783 1789; x_wconf 81' lang='lat' dir='ltr'>attulimus,</span> <span class='ocrx_word' id='word_1_216' title='bbox 824 1742 980 1782; x_wconf 85' lang='lat' dir='ltr'>abunde</span> <span class='ocrx_word' id='word_1_217' title='bbox 1005 1752 1131 1798; x_wconf 89' lang='lat' dir='ltr'>patet.</span> 
     </span>
    </p>
   </div>
   <div class='ocr_carea' id='block_1_5' title="bbox 959 1884 1112 1938">
    <p class='ocr_par' dir='ltr' id='par_1_5' title="bbox 959 1884 1112 1938">
     <span class='ocr_line' id='line_1_26' title="bbox 959 1884 1112 1938; baseline 0.007 -13"><span class='ocrx_word' id='word_1_218' title='bbox 959 1884 995 1938; x_wconf 79' lang='lat'>§.</span> <span class='ocrx_word' id='word_1_219' title='bbox 1046 1886 1112 1926; x_wconf 83' lang='lat' dir='ltr'>1x.</span> 
     </span>
    </p>
   </div>
   <div class='ocr_carea' id='block_1_6' title="bbox 259 1967 1787 2293">
    <p class='ocr_par' dir='ltr' id='par_1_6' title="bbox 259 1967 1787 2293">
     <span class='ocr_line' id='line_1_27' title="bbox 402 1967 1787 2023; baseline 0.001 -13"><span class='ocrx_word' id='word_1_220' title='bbox 402 1967 526 2010; x_wconf 75' lang='lat' dir='ltr'>Minis</span> <span class='ocrx_word' id='word_1_221' title='bbox 555 1970 633 2010; x_wconf 86' lang='lat' dir='ltr'>iam</span> <span class='ocrx_word' id='word_1_222' title='bbox 657 1968 959 2023; x_wconf 84' lang='lat' dir='ltr'>planisphaeriis</span> <span class='ocrx_word' id='word_1_223' title='bbox 974 1998 984 2016; x_wconf 89' lang='lat'>,</span> <span class='ocrx_word' id='word_1_224' title='bbox 1016 1967 1337 2023; x_wconf 82' lang='lat' dir='ltr'>quandoquidem</span> <span class='ocrx_word' id='word_1_225' title='bbox 1360 1982 1501 2010; x_wconf 85' lang='lat' dir='ltr'>eorum</span> <span class='ocrx_word' id='word_1_226' title='bbox 1521 1970 1631 2010; x_wconf 83' lang='lat' dir='ltr'>vsum</span> <span class='ocrx_word' id='word_1_227' title='bbox 1654 1973 1695 2010; x_wconf 86' lang='lat' dir='ltr'>in</span> <span class='ocrx_word' id='word_1_228' title='bbox 1714 1972 1787 2011; x_wconf 89' lang='lat' dir='ltr'>sol-</span> 
     </span>
     <span class='ocr_line' id='line_1_28' title="bbox 283 2033 1787 2091; baseline -0.001 -12"><span class='ocrx_word' id='word_1_229' title='bbox 283 2038 413 2080; x_wconf 82' lang='lat' dir='ltr'>vendo</span> <span class='ocrx_word' id='word_1_230' title='bbox 440 2034 690 2091; x_wconf 84' lang='lat' dir='ltr'>problemate</span> <span class='ocrx_word' id='word_1_231' title='bbox 719 2035 768 2075; x_wconf 86' lang='lat' dir='ltr'>de</span> <span class='ocrx_word' id='word_1_232' title='bbox 801 2033 1052 2090; x_wconf 77' lang='lat' dir='ltr'>temporibus</span> <span class='ocrx_word' id='word_1_233' title='bbox 1085 2043 1251 2075; x_wconf 82' lang='lat' dir='ltr'>ortuum</span> <span class='ocrx_word' id='word_1_234' title='bbox 1281 2045 1325 2076; x_wconf 89' lang='lat' dir='ltr'>et</span> <span class='ocrx_word' id='word_1_235' title='bbox 1360 2035 1567 2075; x_wconf 86' lang='lat' dir='ltr'>occasuum</span> <span class='ocrx_word' id='word_1_236' title='bbox 1608 2040 1787 2091; x_wconf 83' lang='lat' dir='ltr'>po&#39;e&#39;tico·</span> 
     </span>
     <span class='ocr_line' id='line_1_29' title="bbox 259 2100 1785 2157; baseline -0.001 -13"><span class='ocrx_word' id='word_1_237' title='bbox 259 2151 263 2154; x_wconf 25' lang='lat' dir='ltr'>f</span> <span class='ocrx_word' id='word_1_238' title='bbox 288 2118 380 2146; x_wconf 88' lang='lat' dir='ltr'>rum</span> <span class='ocrx_word' id='word_1_239' title='bbox 404 2101 537 2143; x_wconf 69' lang='lat' dir='ltr'>‘stellae</span> <span class='ocrx_word' id='word_1_240' title='bbox 561 2101 730 2142; x_wconf 81' lang='lat' dir='ltr'>alicuius</span> <span class='ocrx_word' id='word_1_241' title='bbox 760 2101 990 2155; x_wconf 77' lang='lat' dir='ltr'>indagandis</span> <span class='ocrx_word' id='word_1_242' title='bbox 1014 2116 1089 2157; x_wconf 83' lang='lat' dir='ltr'>pro</span> <span class='ocrx_word' id='word_1_243' title='bbox 1111 2100 1295 2142; x_wconf 84' lang='lat' dir='ltr'>instituto</span> <span class='ocrx_word' id='word_1_244' title='bbox 1317 2101 1450 2147; x_wconf 85' lang='lat' dir='ltr'>nostro</span> <span class='ocrx_word' id='word_1_245' title='bbox 1469 2102 1523 2143; x_wconf 86' lang='lat' dir='ltr'>sat</span> <span class='ocrx_word' id='word_1_246' title='bbox 1541 2104 1699 2157; x_wconf 88' lang='lat' dir='ltr'>copiose</span> <span class='ocrx_word' id='word_1_247' title='bbox 1721 2118 1785 2143; x_wconf 84' lang='lat' dir='ltr'>ex·</span> 
     </span>
     <span class='ocr_line' id='line_1_30' title="bbox 287 2162 1786 2226; baseline -0.001 -16"><span class='ocrx_word' id='word_1_248' title='bbox 287 2170 516 2226; x_wconf 81' lang='lat' dir='ltr'>posuimus,</span> <span class='ocrx_word' id='word_1_249' title='bbox 561 2168 609 2208; x_wconf 86' lang='lat' dir='ltr'>ad</span> <span class='ocrx_word' id='word_1_250' title='bbox 644 2167 904 2223; x_wconf 77' lang='lat' dir='ltr'>problematis</span> <span class='ocrx_word' id='word_1_251' title='bbox 942 2169 1138 2224; x_wconf 84' lang='lat' dir='ltr'>praedicti</span> <span class='ocrx_word' id='word_1_252' title='bbox 1175 2162 1418 2210; x_wconf 70' lang='lat' dir='ltr'>solutionem</span> <span class='ocrx_word' id='word_1_253' title='bbox 1444 2169 1588 2209; x_wconf 86' lang='lat' dir='ltr'>calculi</span> <span class='ocrx_word' id='word_1_254' title='bbox 1617 2168 1786 2210; x_wconf 80' lang='lat' dir='ltr'>subfidio</span> 
     </span>
     <span class='ocr_line' id='line_1_31' title="bbox 290 2235 895 2293; baseline -0.003 -15"><span class='ocrx_word' id='word_1_255' title='bbox 290 2236 572 2293; x_wconf 75' lang='lat' dir='ltr'>pertexendam</span> <span class='ocrx_word' id='word_1_256' title='bbox 598 2235 895 2292; x_wconf 78' lang='lat' dir='ltr'>progredimur.</span> 
     </span>
    </p>
   </div>
   <div class='ocr_carea' id='block_1_7' title="bbox 1056 2328 1791 2391">
    <p class='ocr_par' dir='ltr' id='par_1_7' title="bbox 1056 2328 1791 2391">
     <span class='ocr_line' id='line_1_32' title="bbox 1056 2328 1791 2391; baseline -0.003 0"><span class='ocrx_word' id='word_1_257' title='bbox 1056 2354 1085 2391; x_wconf 89' lang='lat' dir='ltr'>B</span> <span class='ocrx_word' id='word_1_258' title='bbox 1173 2328 1176 2331; x_wconf 75' lang='lat'><em>-</em></span> <span class='ocrx_word' id='word_1_259' title='bbox 1417 2353 1429 2361; x_wconf 85' lang='lat'>’</span> <span class='ocrx_word' id='word_1_260' title='bbox 1573 2349 1791 2390; x_wconf 80' lang='lat' dir='ltr'>Methodus</span> 
     </span>
    </p>
   </div>
  </div>
 </body>
</html>
