2125 2744
1605 116 1712 157 XXV

330 215 476 273 Quodsi
506 218 583 257 iam
609 229 816 271 ponamus,
842 228 935 256 eum
961 216 1112 271 pariter
1142 216 1190 256 de
1213 231 1308 256 vero
1336 226 1430 258 ortu
1459 218 1574 258 Piscis
1603 221 1705 259 notii

214 284 421 338 cogitasse,
468 285 582 324 cuius
610 293 771 337 tempus
798 297 844 321 ex
874 291 1057 336 tempore
1091 293 1204 324 ortus
1227 283 1388 341 visibilis
1412 285 1527 325 facile
1557 286 1704 325 coniici

211 352 368 406 potuit,
399 350 507 389 idem
533 349 619 389 fere
643 349 838 402 temporis
872 348 1131 387 interuallum
1167 336 1277 388 inter
1296 347 1554 404 apparentias
1580 351 1706 390 Pleia-

213 416 273 455 dis
299 424 341 454 et
364 414 481 454 Piscis
507 415 610 454 notii
636 427 680 453 ac
716 415 824 453 inter
858 409 1000 467 φάσεις
1034 415 1164 454 Tauri
1193 423 1237 453 et
1267 416 1382 454 Canis
1412 416 1704 469 interponitur.

186 485 368 532 ·Verum
400 494 474 524 nec
504 479 733 520 differentia
767 479 903 519 euadit
933 479 1064 531 magni
1097 482 1313 527 momenti,
1356 479 1383 519 fi
1421 487 1539 534 poeta
1566 490 1704 523 ortum

212 546 484 601 vespertinum
517 553 775 601 apparentem
807 546 849 585 in
883 553 1020 584 mente
1046 543 1220 585 habuisse
1243 547 1415 587 dicatur.
1489 550 1596 587 Nam
1635 546 1702 587 sta·

211 613 363 654 tuendo
387 626 522 652 arcum
550 610 708 651 visionis
731 624 806 665 pro
836 609 955 651 stellis
979 611 1132 665 primae
1159 613 1468 664 magnitudinis,
1492 628 1619 667 quum
1645 617 1701 654 so·

210 681 241 721 li
267 695 313 720 ex
342 677 504 720 aduerso
526 676 674 733 positae
702 674 831 724 sunt,
845 691 897 714 =
917 681 985 725 80,
1012 678 1216 732 reperitur
1240 691 1316 732 pro
1344 679 1475 719 lucida
1493 679 1609 720 Piscis
1632 695 1701 721 no

208 747 258 787 tii
286 760 378 801 ²²5-
400 748 468 796 190
489 742 572 792 27';
603 743 773 798 proinde
798 752 911 783 ortus
938 745 1023 782 eius
1041 744 1289 798 vespertinus
1307 743 1469 785 visibilis
1488 747 1699 787 eueni-ebat

208 811 288 852 sole
315 813 357 850 in
387 812 458 859 23⁹
478 806 601 857 16'111!
630 809 819 848 haerente
847 809 872 848 i.
899 823 934 847 e.
963 811 1036 848 XV
1062 809 1143 848 Cal.
1161 808 1326 849 Octobr.
1346 809 1373 850 s.
1398 810 1462 849 die
1478 814 1567 851 XXI
1589 826 1700 852 men-

207 868 254 908 fis
282 866 450 906 Thoth:
491 878 592 917 quae
625 864 908 902 determinatio
941 864 1123 916 paullum
1148 865 1300 903 recedit
1334 880 1356 904 ι
1386 868 1540 905 ratione
1569 870 1697 908 Ptole·

208 934 323 978 maei,
354 931 485 970 eidem
503 930 613 969 ortui
631 930 670 969 in
689 928 878 982 parallelo
895 927 1084 968 horarum
1098 931 1169 969 XV
1179 928 1287 969 diem
1305 931 1392 969 xlx
1405 930 1543 971 mensis
1552 934 1695 973 Thoth

205 996 439 1051 assignantis.
1096 1003 1103 1010 ·

255 1132 264 1138 ν
318 1114 592 1163 Vtracumque
611 1107 768 1148 tandem
788 1107 980 1147 sententia
1005 1108 1052 1148 de
1068 1116 1160 1149 ortu
1181 1108 1297 1148 Piscis
1319 1110 1420 1149 notii
1438 1110 1609 1164 palmam
1630 1120 1692 1152 tu-

205 1180 323 1224 lerit,
353 1177 454 1215 illud
481 1186 615 1215 tamen
637 1184 796 1214 certum
814 1173 887 1221 est,
916 1174 1069 1213 Piscem
1085 1176 1243 1214 notium
1261 1179 1418 1222 Romae,
1449 1177 1513 1216 die
1533 1191 1612 1230 quo
1631 1193 1693 1217 oc-

205 1246 311 1286 casus
344 1243 565 1283 matutinus
594 1240 796 1280 Pleiadum
831 1238 968 1286 fiebat,
1015 1239 1167 1293 vesperi
1199 1240 1314 1295 supra
1344 1241 1599 1283 horizontem
1629 1258 1693 1285 or-

203 1314 338 1351 tiuum
365 1308 471 1348 haud
501 1307 629 1345 multo
656 1306 858 1345 eleuatum
885 1305 960 1343 sese
992 1304 1218 1353 ostend-isse,
1264 1307 1304 1346 id
1336 1308 1443 1360 quod
1475 1309 1521 1349 ad
1559 1310 1690 1350 dicen-

202 1379 320 1424 dum,
347 1373 543 1417 Pleiadem
570 1372 616 1413 ab
645 1371 726 1426 ipso
751 1371 902 1423 fugari,
931 1368 1088 1412 sufficit.

1461 2257 1682 2298 COROL-
