2125 2744
405 155 462 193 VI

520 257 580 294 De
615 252 901 307 planisphaerii
932 252 1163 293 vniuersalis
1201 236 1500 292 constructione
1528 252 1676 307 vsuque
1704 254 1918 303 admodum‘

407 324 563 380 prolixe
597 321 680 371 egit
705 320 868 358 Clauius
910 320 951 357 in
988 333 1113 372 opere
1145 318 1354 371 lingulati,
1402 321 1471 361 cui
1505 320 1673 368 titulum
1706 318 1925 365 Astrolabii.
1957 343 1961 346 -

405 387 605 446 praefixit.
666 386 712 425 In
735 386 822 427 eius
840 383 905 424 lib.
924 386 995 423 111.
1017 397 1103 424 can.
1125 387 1196 426 IV.
1221 394 1263 425 et
1285 388 1331 425 V.
1360 393 1545 438 tempora
1563 398 1729 439 quoque
1743 382 1917 436 ortuum

406 465 447 495 et
464 452 673 494 occasuum
695 452 948 504 poeticorum
966 448 1097 491 stellae
1113 451 1285 491 alicuius
1304 449 1503 491 astrolabii
1535 465 1616 505 ope.
1633 452 1819 495 inuenire
1847 453 1917 491 do·

406 523 504 562 cuit.
564 518 638 559 Sed
660 518 850 571 quoniam
870 516 999 556 Clauii
1019 518 1123 556 ratio
1142 519 1261 557 nimis
1278 517 1467 572 perplexa
1485 532 1529 558 ac
1546 517 1716 572 proinde
1737 531 1816 558 non
1839 531 1918 571 pa-

407 601 498 628 rum
529 583 699 624 taediosa
730 580 803 627 est,
849 582 1058 621 solutionis
1089 583 1134 621 ab
1166 583 1235 622 illo
1264 583 1435 622 traditae
1464 585 1701 623 methodum
1734 583 1916 633 breuiter

342 651 351 660 ’
408 648 754 694 adum-brabimus,
779 648 949 687 lectores
968 645 1118 688 nostroe
1135 649 1391 688 remittentes
1419 648 1465 688 ad
1484 644 1693 695 Clariffimi
1716 648 1916 701 Kluegelii

408 718 593 758 libellum
611 744 622 762 ,
669 715 709 752 in
738 727 818 769 quo
845 714 1108 766 proiectionis
1134 713 1475 768 stereogrephicae
1503 715 1915 769 proprietateslucu·

412 785 522 824 l'ente
540 790 659 834 atque
674 779 879 831 eleganter
908 779 1115 833 explicuit.

525 908 649 949 Radio
673 908 808 959 itaque
825 918 900 960 pro
916 904 1085 945 arbitrio
1111 914 1274 960 accepto
1303 905 1550 947 describatur
1574 905 1750 962 circulus
1779 920 1916 961 aequa·

411 989 543 1019 torem
563 973 881 1027 repraesentans,
906 980 947 1009 et
966 973 1006 1009 in
1026 985 1074 1009 eo
1092 972 1290 1011 ducantur
1320 973 1419 1012 duae
1432 1001 1441 1018 ‚
1469 986 1570 1027 quae
1599 974 1764 1024 angulos
1783 982 1914 1013 rectos

413 1041 693 1095 intercipiant,
724 1032 930 1083 diametri,
962 1035 1153 1088 sectiqnes
1171 1037 1385 1092 planorum
1403 1036 1628 1092 a'eq'uatoris
1646 1047 1687 1078 et
1705 1040 1914 1093 vti-iusque

414 1109 546 1150 coluri
565 1118 638 1144 nec
657 1116 736 1142 non
755 1103 857 1156 ipsos
877 1104 1036 1142 coluros
1063 1103 1298 1143 referentes.
1355 1101 1565 1143 Alter-utra
1583 1118 1720 1144 earum
1748 1118 1824 1157 pro
1850 1118 1915 1143 co·

392 1186 394 1189 ’
413 1177 512 1216 Ιυτο,
526 1169 875 1224 aequinoctiorum
897 1165 1060 1208 alsumta
1075 1198 1085 1216 ,
1115 1178 1158 1209 vt
1177 1169 1302 1209 altera
1319 1169 1506 1209 colurum
1526 1156 1784 1210 solstitistbm
1797 1170 1914 1210 exhi-

414 1241 525 1284 beat,
553 1250 627 1289 per
644 1237 675 1283 §.
698 1241 735 1279 8.
761 1234 887 1272 libelli
911 1234 1162 1285 Kluegeliani
1183 1234 1428 1289 describatur
1451 1236 1628 1274 circulus
1643 1264 1653 1281 ,
1678 1237 1751 1288 'qui
1776 1236 1915 1288 aequa-

414 1316 545 1346 torem
575 1302 616 1340 in
645 1300 806 1355 punctis
832 1299 1159 1339 interfectionum
1186 1300 1318 1355 ipsine*
1336 1311 1378 1341 et
1404 1301 1538 1340 coluri
1564 1301 1913 1353 aequinoctiorum

415 1371 484 1412 sub
506 1360 646 1408 mutua
664 1366 889 1418 aequatoris
911 1373 952 1403 et
977 1362 1187 1419 eclipticae
1214 1368 1476 1406 inclinatione
1504 1365 1696 1414 trauseat,
1735 1366 1912 1419 adeoque

417 1436 646 1490 eclipticam
667 1431 833 1478 referat,
863 1432 1176 1485 inueniaturque
1203 1446 1276 1486 per
1301 1436 1331 1482 §.
1359 1448 1397 1485 9.
1426 1433 1658 1486 proiectura
1689 1433 1774 1486 poli
1801 1432 1913 1471 borei

416 1504 540 1544 illius.
616 1500 657 1537 Si
684 1498 762 1535 iarn
793 1495 936 1550 politio
962 1495 1114 1543 stellae,
1154 1498 1201 1536 de
1229 1498 1343 1536 cuius
1373 1506 1467 1543 ortu
1494 1497 1557 1536 vel
1589 1497 1725 1538 occasu
1753 1498 1912 1551 poetico

411 1568 645 1624 quaeritur,
675 1573 749 1617 per
769 1561 1028 1601 ascensionem
1051 1571 1200 1602 rectam
1220 1572 1261 1601 et
1277 1562 1587 1602 declinationem
1618 1562 1757 1608 detur,
1787 1562 1832 1616 ad
1857 1562 1913 1601 lo—

415 1648 509 1675 cum
525 1633 611 1670 eius
629 1631 669 1667 in
688 1627 981 1681 planisphaerio
1001 1627 1304 1679 designandum,
1338 1629 1440 1667 nihil
1457 1642 1557 1683 opus
1577 1626 1649 1674 est,
1682 1626 1751 1666 nifi
1771 1636 1814 1666 vt
1837 1633 1911 1681 pei*

415 1705 446 1752 ς,
476 1713 541 1748 30.
572 1696 743 1735 ducatur
768 1693 942 1731 circulus
968 1696 1176 1745 aequatori
1202 1695 1442 1748 parallelus,
1477 1695 1547 1747 qui
1579 1694 1777 1732 circulum
1808 1695 1913 1733 diur-

415 1779 514 1808 num
532 1762 661 1802 stellae
682 1758 975 1813 repraesentet,
1005 1758 1154 1812 hicque
1184 1760 1328 1800 deinde
1360 1769 1469 1800 recta
1494 1774 1539 1798 ex
1571 1750 1795 1812 aetjuatoris
1822 1774 1912 1799 cen-

413 1844 494 1878 tro,
533 1827 641 1882 quod
660 1827 875 1877 vti-umque
894 1824 1032 1877 polum
1054 1822 1193 1864 mundi
1214 1826 1353 1873 refert,
1382 1826 1428 1865 'ad
1447 1834 1646 1880 punctum
1666 1825 1765 1870 eius,
1786 1824 1912 1864 ascen·

412 1897 514 1940 fioni
533 1902 664 1950 rectae
683 1892 794 1931 datae
813 1900 1057 1944 competens,
1088 1892 1249 1939 educta,
1276 1900 1317 1932 et
1335 1892 1612 1932 declinationis
1631 1890 1828 1930 circulum
1848 1905 1913 1930 ex·

415 1964 604 2005 hibente,
633 1958 800 1998 secetur.
861 1959 1054 1996 Sectionis
1074 1968 1273 2010 punctum
1291 1960 1398 1998 enim
1428 1956 1558 1995 stellae
1576 1958 1685 1995 locus
1702 1949 1909 2009 proi-ectus

415 2028 481 2071 est.
559 2026 627 2065 Sin
654 2032 788 2062 autem
818 2019 948 2060 stellae
974 2023 1230 2074 longitudine
1267 2031 1308 2062 et
1342 2022 1556 2062 latitudine
1593 2022 1715 2068 datis,
1762 2020 1911 2075 pofitus

416 2094 537 2151 ipsius
561 2092 607 2130 ad
640 2090 868 2143 eclipticam
897 2088 1046 2127 relatus
1076 2087 1146 2135 fit,
1182 2088 1391 2142 inscriptio
1416 2090 1506 2127 eius
1531 2087 1746 2142 perficitur
1769 2087 1912 2127 descri-

415 2161 546 2203 bendo
570 2167 657 2197 tum
682 2169 754 2210 per
780 2157 810 2204 §.
843 2167 901 2203 30.
928 2155 1126 2195 circulum
1143 2184 1152 2201 ,
1190 2156 1260 2208 qui
1285 2153 1483 2195 circulum
1512 2154 1721 2207 eclipticae
1746 2154 1913 2208 paralle-

415 2231 524 2274 lum,
553 2232 669 2265 notae
688 2211 891 2263 distantiae
911 2219 1040 2261 stellae
1061 2235 1080 2259 a
1099 2221 1194 2275 polo
1218 2221 1425 2274 eclipticae
1445 2220 1566 2260 boreo
1594 2219 1916 2282 respondentem,

1714 2285 1914 2334 exhibeat,
