2125 2744
374 156 485 195 XXII

378 270 500 312 quem
527 256 660 297 locum
686 255 828 296 Cicero
856 254 904 295 sic
935 258 1166 298 transtulit:

563 343 643 381 Iam
665 341 777 396 stmul
800 348 838 380 vt
857 339 989 392 fitpero
1002 341 1047 393 fi·
1070 349 1183 382 totum
1208 343 1332 382 lumine
1359 344 1490 384 Cancer

564 407 737 455 Extulit,
763 406 933 458 extemplo
957 409 1046 447 cedit
1074 408 1214 460 delapsis
1247 409 1399 457 Corona,

564 474 620 512 Et
643 473 718 512 loca
745 474 889 528 conuifit
912 474 1020 511 cauda
1048 480 1148 513 tenus
1174 475 1290 527 infera
1324 474 1444 526 Piscis.

381 568 423 598 et
451 571 571 611 quem
602 557 650 596 de
679 557 786 596 Pisce
816 557 928 595 notio
957 570 1158 611 exponere
1194 559 1298 597 ratio
1333 557 1379 597 ab
1410 562 1535 598 Arato
1563 559 1603 597 in
1631 557 1886 598 describendo

378 624 548 663 siderum
575 631 669 661 ortu
696 630 738 661 et
764 621 899 660 occasu
924 623 1051 669 inita,
1089 622 1311 677 modusque
1345 623 1554 663 occidendi
1582 624 1664 678 ipse
1685 624 1783 664 vers.
1807 637 1884 677 575

378 700 419 729 et
448 693 500 738 76
528 689 713 742 depictus
751 687 905 726 iubent.
980 691 1181 734 Quocirca
1214 688 1260 728 ab
1291 690 1461 741 Hygino
1489 690 1620 729 Cancer
1654 692 1812 729 exoriens
1835 693 1886 728 di-

377 757 517 795 midiam
543 760 682 806 partem
711 753 869 793 Coronae
897 752 946 792 P
936 751 1127 806 strmsque
1153 755 1296 793 caudam
1323 754 1365 804 ‘)
1403 760 1438 793 et
1461 756 1591 794 notium
1609 753 1657 794 P
1647 754 1742 806 stem
1770 754 1885 807 obstu-

376 834 459 860 rare
486 820 673 860 traditur.

493 902 626 944 Restat
663 900 877 942 difficultas
910 901 1040 941 adhuc
1075 902 1252 942 tollenda
1286 902 1327 941 in
1364 902 1519 943 adiecto
1542 903 1727 957 epitheto
1754 904 1884 959 aquost.

380 972 455 1012 Sed
487 969 512 1009 fi
541 969 761 1023 accipiatur
789 981 865 1022 pro
891 967 1122 1014 imbrifero,
1154 981 1271 1020 aquas
1300 969 1585 1015 denuntiante,
1620 969 1659 1009 id
1678 969 1785 1022 quod
1799 969 1884 1008 vsui

380 1037 539 1077 dicendi
563 1035 778 1080 conuenit,
818 1032 1032 1073 admodum
1060 1034 1205 1072 eximie
1235 1034 1277 1072 in
1310 1033 1458 1073 Piscem
1484 1035 1645 1073 notium
1670 1034 1854 1088 quadrat.

493 1123 603 1160 Nam
636 1119 678 1157 in
712 1117 931 1157 Ptolemaei
967 1116 1071 1157 libro
1100 1116 1218 1171 supra
1246 1117 1404 1157 laudato
1441 1126 1553 1158 ortus
1584 1118 1739 1158 lucidae
1765 1118 1882 1158 Piscis

379 1187 485 1226 notii
512 1194 592 1224 tam
620 1182 870 1236 vespertinus
907 1182 976 1221 hic
1002 1181 1242 1240 postulatus,
1277 1185 1346 1234 ²³⁶)
1386 1197 1505 1236 quam
1534 1185 1754 1222 matutinus
1788 1184 1882 1235 ***)

378 1253 558 1293 occurrit
593 1263 687 1289 cum
714 1246 936 1300 significatu
965 1249 1130 1302 pluuiae
1158 1257 1199 1287 et
1226 1246 1408 1288 stillantis
1436 1247 1597 1297 imbris,
1627 1249 1725 1288 adeo
1746 1258 1790 1289 vt
1810 1248 1881 1289 iste

377 1318 495 1373 piscis
518 1319 607 1355 iure
624 1315 853 1367 meritoque
872 1329 893 1353 a
914 1314 1088 1364 Virgilio
1108 1313 1554 1368 pluuiam'denuntians
1573 1315 1792 1367 praedicari
1813 1328 1882 1368 po·

376 1385 518 1425 tuerit.
575 1383 688 1421 Haec
709 1379 807 1419 Pisci
827 1381 939 1419 notio
969 1377 1174 1419 adtributa
1203 1380 1445 1434 proprietas,
1469 1381 1511 1420 in
1533 1388 1628 1420 ortu
1647 1379 1715 1419 suo
1735 1379 1881 1420 imbres

378 1450 525 1494 ciendi,
554 1445 607 1486 est
625 1459 786 1500 quoque
803 1445 932 1494 causa,
978 1459 1050 1484 cur
1081 1450 1198 1499 pocta
1232 1444 1388 1484 Pleiada
1421 1444 1523 1486 istud
1556 1444 1659 1486 fidus
1686 1447 1881 1486 vitantem

380 1504 753 1570 repraesentauerit.
812 1511 973 1551 Etenim
998 1524 1124 1564 quum
1151 1511 1233 1565 ipsa
1258 1524 1426 1551 munere
1453 1512 1769 1566 perfungeretur
1786 1521 1880 1552 ortu

381 1584 449 1622 suo
478 1581 647 1634 primam
666 1576 816 1618 aestatis
847 1585 1023 1631 partem,
1057 1574 1373 1621 amoenissimum
1402 1579 1496 1617 anni
1524 1585 1702 1631 tempus,
1729 1592 1881 1618 annun·

380 1647 512 1686 ciandi
539 1654 579 1684 et
606 1642 711 1698 quasi
735 1642 976 1690 adducendi,
1024 1641 1176 1681 Piscem
1203 1642 1382 1689 notium,
1425 1643 1495 1695 qui
1529 1642 1672 1681 hiemis
1706 1653 1746 1682 et
1779 1645 1881 1682 coeli

1748 1709 1883 1762 pluuii

435 1910 468 1954 ¹⁵)
491 1905 636 1940 Errauit
651 1904 819 1951 Hyginus
840 1904 928 1937 circa
945 1901 1094 1936 caudam
1116 1901 1264 1936 Pistricis
1281 1910 1344 1937 aut
1359 1901 1460 1936 locu·
1477 1911 1664 1949 corruptus
1684 1903 1740 1938 est.

431 1993 485 2032 ”)
508 1989 545 2022 Is
561 1989 597 2020 in
615 1986 786 2034 parallelo
802 1986 967 2020 horarum
988 1986 1057 2019 XV
1073 1986 1095 2019 i.
1116 1997 1145 2020 e.
1164 1986 1230 2019 sub
1257 1987 1460 2019 eleuatione
1487 1985 1561 2032 poli
1587 1987 1652 2029 40⁰
1675 1988 1731 2025 56'
1757 1987 1880 2023 secun·

475 2045 560 2078 dum
578 2043 821 2077 Ptolemaeum
839 2042 896 2076 die
912 2042 1000 2076 XIX
1016 2041 1140 2075 mensis
1158 2041 1282 2074 'l'hoth
1294 2066 1304 2082 ,
1332 2042 1390 2075 cui
1414 2041 1451 2075 in
1477 2040 1688 2077 calendario
1713 2044 1877 2078 Romano

476 2099 667 2147 respondet
687 2098 871 2133 XVI‘Cal.
889 2098 1039 2140 Octob„
1073 2097 1276 2132 eueniebnt.

450 2188 501 2227 Ἠ’)
524 2181 606 2218 vid.
626 2193 719 2228 quae
737 2181 781 2216 ad
798 2180 890 2216 diem
906 2181 1030 2218 XVIII
1052 2181 1177 2217 menfis
1202 2180 1450 2216 Pharmuthi'
1439 2195 1461 2217 ι
1490 2180 1599 2216 e.1‹1.
1624 2181 1737 2229 April.
1770 2191 1804 2218 et
1835 2183 1878 2218 ad

475 2241 569 2274 liem
593 2239 646 2273 lx
673 2239 796 2274 mensis
822 2238 967 2273 Pachon
993 2239 1016 2272 i.
1046 2249 1076 2273 e.
1108 2238 1158 2273 IV
1182 2238 1278 2273 Non.
1307 2235 1395 2274 Mai.
1422 2237 1589 2273 adnotata
1616 2237 1709 2273 sunt.
1803 2252 1806 2254 ’
